%%%%%% INTRODUCTION %%%%%%
@misc{bib:nasa_armd,
	title={ARMD Strategic Thrust 3: ultra-efficient commercial vehicles subsonic transport},
	author={Collier, F. and Wahls, R.},
	year={2016},
	address={Washington DC, Columbia, USA},
	howpublished={\url{https://www.nasa.gov/sites/default/files/atoms/files/armd-sip-thrust-3a-508.pdf}}
}

@misc{bib:acare,
	author={{ACARE -- Advisory Council for Aviation Research and Innovation in Europe}},
	title={ACARE project},
	howpublished={\url{http://www.acare4europe.com/sria}},
	year={2015}
}

@misc{bib:atag,
	author={{ATAG -- Air Transport Action Group}},
	howpublished={\url{http://www.atag.org}},
	year={2016}
}

@misc{bib:boeing_outlook_market,
	author={Boeing},
	title={Current market outlook 2016-2035},
	howpublished={\url{http://www.boeing.com/resources/boeingdotcom/commercial/about-our-market/assets/downloads/cmo_print_2016_final_updated.pdf}},
	year={2016}
}

@misc{bib:airbus_global_market,
	author={Airbus},
	title={Airbus global market forecast 2019--2038},
	year={2019},
	howpublished={\url{https://www.airbus.com/aircraft/market/global-market-forecast.html}}
}

@misc{bib:environmental_outlook_2050,
	author={{OECD -- Organisation for Economic Co-operation and Development}},
	title={{OECD} environmental outlook to 2050 -- climate change chapter},
	howpublished={OECD, pre-release version},
	year={2011}
}

@misc{bib:iata,
	author={{IATA -- International Air Transport Association}},
	title={{IATA Technology roadmap}},
	year={2013},
	howpublished={IATA, 4th edition}
}

@misc{bib:iata_annex,
	author={{IATA -- International Air Transport Association}},
	title={{IATA Technology roadmap -- {T}echnical annex}},
	year={2013},
	howpublished={IATA, 4th edition}
}

%%%%%% MDO %%%%%%
@article{bib:martins_mdo,
	title={Multidisciplinary design optimization: a survey of architectures},
	author={Martins, J. R. R. A. and Lambe, A. B.},
	journal={AIAA Journal},
	volume={51},
	number={9},
	pages={2049--2075},
	doi={10.2514/1.J051895},
	year={2013}
}

@article{bib:yu_2018,
	Author = {Yin Yu and Zhoujie Lyu and Zelu Xu and Joaquim R. R. A. Martins},
	Doi = {10.1016/j.ast.2018.01.016},
	Journal = {Aerospace Science and Technology},
	Keywords = {xsede},
	Month = {April},
	Pages = {183--199},
	Title = {On the Influence of Optimization Algorithm and Starting Design on Wing Aerodynamic Shape Optimization},
	Volume = {75},
	Year = {2018}
}

@phdthesis{bib:hwang_omdao,
	author={Hwang, J. T.},
	title={A modular approach to large-scale design optimization of aerospace systems},
	school={University of Michigan},
	year={2015}
}

@misc{bib:openmdao_website,
	author={OpenMDAO},
	title={An open--source framework for efficient multidisciplinary optimization},
	howpublished={v2.4 website: \url{http://www.openmdao.org/}},
	year={2018}
}

@article{bib:lambe_xdsm,
	title={Extensions to the design structure matrix for the description of multidisciplinary design analysis and optimization processes},
	author={Lambe, A. B. and Martins, J. R. R. A.},
	journal={Structural and Multidisciplinary Design Optimization},
	volume={46},
	number={2},
	pages={273--284},
	year={2012},
	doi={10-1007/s00158-012-0763-y}
}

@article{bib:belotti,
	title={Mixed-integer nonlinear optimization},
	author={Belotti, P. and Kirches, C. and Leyffer, S. and Linderoth, J. and Luedtke, J. and Mahajan, A.},
	journal={Acta Numerica},
	volume={22},
	pages={1--131},
	year={2013},
	publisher={Cambridge University Press},
	doi={10.1017/S0962492913000032}
}

@inproceedings{bib:balabanov,
	title={Visualdoc: a software system for general purpose integration and design optimization},
	author={V. Balabanov and C. Charpentier and D. K. Ghosh and G. Quinn and G. Vanderplaats and G. Venter},
	booktitle={9th AIAA/ISSMO Symposium on Multidisciplinary Analysis and Optimization},
	address={Atlanta, Georgia, USA},
	year={2002}
}

@inproceedings{bib:gray_omdao_2012,
	title={{OpenMDAO}: framework for flexible multidisciplinary design, analysis and optimization methods},
	author={C. Heath and J. S. Gray},
	booktitle={53rd AIAA Structures, Structural Dynamics and Material Conference},
	address={Honolulu, Hawaii, USA},
	year={2012}
}

@article{bib:hwang_2018,
	title={A computational architecture for coupling heterogeneous numerical models and computing coupled derivatives},
	author={J. T. Hwang and J. R. R. A. Martins},
	journal={ACM Transactions on Mathematical Software (TOMS)},
	volume={44},
	number={4},
	year={2018}
}

@inproceedings{bib:gray_omdao_2014,
	title={Automatic evaluation of multidisciplinary derivatives using a graph-based problem formulation in {OpenMDAO}},
	author={J. S. Gray and K. T. Moore and T. A. Hearn and J. T. Hwang and J. R. R. A. Martins and A. Ning},
	booktitle={15th AIAA/ISSMO Multidisciplinary Design Analysis and Optimization Conference},
	address={Atlanta, Georgia, USA},
	year={2014}
}

@inproceedings{bib:hwang_2015,
	title={Parallel allocation-mission optimization of a 128-route network},
	author={J. T. Hwang and J. R. R. A. Martins},
	booktitle={15th AIAA/ISSMO Multidisciplinary Design Analysis and Optimization Conference},
	address={Dallas, Texas, USA},
	year={2015}
}

@article{bib:martins_2005,
	title={A coupled adjoint-sensitivity analysis method for high-fidelity aero-structural design},
	author={J. R. R. A. Martins and J. J. Alonso and J. J. Reuther},
	journal={Optimization and Engineering},
	volume={6},
	number={1},
	pages={33--62},
	year={2005}
}

@inproceedings{bib:martins_2014,
	title={Large-scale multidisciplinary design optimization of aerospace systems},
	author={J. R. R. A. Martins},
	booktitle={SIAM Conference on Optimization},
	address={San Diego, California, USA},
	year={2014}
}

@inproceedings{bib:barlas,
	title={Aeroelastic optimiztion of a 10{MW} wind turbine blade with active trailing edge flaps},
	author={A. K. Barlas and C. Tibaldi and F. Wahle and H. A. Madsen},
	booktitle={34th Wing Energy Symposium},
	address={San Diego, California, USA},
	year={2016},
	doi={10.2514/6.2016-1262}
}

@article{bib:desideri,
	title ={Multiple-gradient descent algorithm (MGDA) for multiobjective optimization},
	author ={J.-A. Désidéri},
	journal ={Comptes Rendus Mathematique},
	volume ={350},
	number ={5},
	pages ={313 - 318},
	year ={2012}
}

%Algorithm
@article{bib:pyopt,
	author = {R. E. Perez and P. W. Jansen and J. R. R. A. Martins},
	title = {py{O}pt: A {P}ython-Based Object-Oriented Framework for Nonlinear Constrained Optimization},
	journal = {Structures and Multidisciplinary Optimization},
	year = {2012},
	volume = {45},
	number = {1},
	pages = {101--118},
	doi = {10.1007/s00158-011-0666-3}
}

@article{bib:scipy_2007,
	title={Python for scientific computing},
	author={T. E. Oliphant},
	journal={Computing in Science \& Engineering},
	volume={9},
	number={3},
	pages={10--20},
	year={2007}
}

@article{bib:scipy_2011,
	title={Python for scientists and engineers},
	author={K. J. Millman and M. Aivazis},
	journal={Computing in Science \& Engineering},
	volume={12},
	number={2},
	pages={9--12},
	year={201}
}

@article{bib:nsga2,
	title={A fast and elitist multiobjective genetic algorithm: NSGA-II},
	author={Deb, K. and Pratap, A. and Agarwal, S. and Meyarivan, T.},
	journal={Evolutionary Computation, IEEE Transactions on},
	volume={6},
	number={2},
	pages={182--197},
	year={2002},
	publisher={IEEE}
}

@book{bib:slsqp,
	title={A software package for sequential quadratic programming},
	author={Kraft, D. and others},
	year={1988},
	publisher={DFVLR Obersfaffeuhofen, Germany}
}

@article{bib:zadeh,
	title={Metamodel-based collaborative optimization framework},
	author={P. M. Zadeh and V. V. Toropov and A. S. Wood},
	journal={Structural and Multidisciplinary Optimization},
	volume={38},
	number={2},
	pages={103--115},
	year={2009},
	doi={10.1007/s00158-008-0286-8}
}

@book{bib:conn,
	title={Introduction to derivative-free optimization},
	author={A. R. Conn and K. Schienburg and L. N. Vicente},
	publisher={Society for Industrial and Applied Mathematics SIAM},
	year={2009},
	edition={1}
}

@article{bib:bartoli_sego,
	title={Adaptive modeling strategy for constrained global optimization with application to aerodynamic wing design},
	author={N. Bartoli and T. Lefebvre and S. Dubreuil and R. Olivant and R. Priem and N. Bons and J. R. R. A. Martins and J. Morlier},
	journal={Aerospace Science and Technology},
	volume={90},
	year={2019},
	pages={85--102},
	doi={10.1016/j.ast.2019.03.041}
}

@Inbook{bib:miettinen_2008,
	author={Miettinen, K.},
	editor={Branke, J. and Deb, K.and Miettinen, K. and S{\l}owi{\'{n}}ski, R.},
	title={Introduction to Multiobjective Optimization: Noninteractive Approaches},
	bookTitle={Multiobjective Optimization: Interactive and Evolutionary Approaches},
	year={2008},
	publisher={Springer Berlin Heidelberg},
	address={Berlin, Heidelberg},
	pages={1--26},
}

@book{bib:pareto,
	address = {New York},
	author = {Pareto, V.},
	booktitle = {Manual of Political Economy (Manuale Di Economia Politica)},
	note = {Translated by A. S. Schwier and A. N. Page},
	publisher = {Kelley},
	title = {Manual of political economy (manuale di economia politica)},
	year = {1971 (1906)}
}

@article{bib:marler,
	title={Survey of multi-objective optimization methods for engineering},
	author={R. T. Marler and J. S. Arora},
	journal={Structural and Multidisciplinary Optimization},
	volume={26},
	pages={369--395},
	year={2004}
}

%OpenMDAO examples
@article{bib:gray_omdao,
	Author = {J. S. Gray and J. T. Hwang and J. R. R. A. Martins and K. T. Moore and B. A. Naylor},
	Journal = {Structural and Multidisciplinary Optimization},
	Title = {{OpenMDAO}: An open-source framework for multidisciplinary design, analysis, and optimization},
	Year = {2019},
	volume={59},
	number={4},
	pages={1075--1104},
	doi={10.1007/s00158-019-02211-z}
}

@article{bib:hwang_unif,
	Author = {J. R. R. A. Martins and J. T. Hwang},
	Doi = {10.2514/1.J052184},
	Journal = {AIAA Journal},
	Number = {11},
	Pages = {2582--2599},
	Title = {Review and unification of methods for computing derivatives of multidisciplinary computational models},
	Volume = {51},
	Year = {2013}
}

@inproceedings{bib:chung,
	title={Implementation of topology optimization using OpenMDA0},
	author={Chung, H. and Hwang, J. T. and Gray, J. S. and Kim, H. A.},
	publisher={AIAA/ASCE/AHS/ASC Structures, Strucural Dynamics and Materials Conference},
	address={Kissimmee, Florida, USA},
	doi={10.2514/6.2018-0653},
	year={2018}
}

@inproceedings{bib:hwang_mission_opt,
	title={Allocation mission design optimization of next-generation aircraft using a parallel computational framework},
	author={Chung, H. and Hwang, J. T. and Gray, J. S. and Kim, H. A.},
	publisher={57th AIAA/ASCE/AHS/ASC Structures, Strucural Dynamics and Materials Conference},
	address={San Diego, California, USA},
	doi={10.2514/6.2016-1662},
	year={2016}
}

@article{bib:hwang_satellite,
	title={Large-scale multidisciplinary optimization of a small satellite's design and operation},
	author={Hwang, J. T. and Lee, D. Y. and Cutler, J. W. and Martins, J. R. R. A.},
	journal={Journal of Spacecraft and Rockets},
	volume={51},
	number={5},
	pages={1648--1663},
	year={2014},
	doi={10.2514/1.A32751}
}

@inproceedings{bib:jasa_topology,
	title={Design and trajectory optimization of a morphing wing aircraft},
	author={Jasa, J. P. and Hwang, J. T. and Martins, J. R. R. A.},
	publisher={AIAA/ASCE/AHS/ASC Structures, Strucural Dynamics and Materials Conference},
	address={Kissimmee, Florida, USA},
	doi={10.2514/6.2018-1382},
	year={2018}
}

@article{bib:jasa_openaerostruct,
	title={Open-source coupled aerostructural optimization using Python},
	author={Jasa, J. P. and Hwang, J. T. and Martins, J. R. R. A.},
	journal={Structural and Multidisciplinary Optimization},
	volume={57},
	pages={1815--1827},
	year={2018},
	doi={10.1007/s00158-018-1912-8}
}

@article{bib:giagkiozis,
	title={Method for multi-objective optimization: an analysis},
	author={I. Giagkiozis and P. J. Fleming},
	journal={Information Sciences},
	volume={293},
	pages={338--350},
	year={2015}
}

@article{bib:chircop,
	title={On $\epsilon$-constraint based methods for the generation of {Pareto} frontiers},
	author={K. Chircop and D. Zammit-Mangion},
	journal={Journal of Mechanics Engineering and Automation},
	volume={3},
	year={2013},
	pages={279--289}
}

%MDO start (Schmit and Haftka)
@inproceedings{bib:schmit_1960,
	title={Structural design by systematic synthesis},
	author={L. A. Schmit},
	booktitle={2nd Conference on Electronic Computation},
	address={New York, NY, USA},
	year={1965}
}

@misc{bib:schmit_1965,
	title={Synthesis of an airfoil at supersonic {Mach} number},
	author={L. A. Schmit and W. A. Thornton},
	howpublished={Tech. Rep. CR 144, NASA},
	year={1965}
}

@article{bib:schmit_1981,
	title={Structural synthesis -- its genesis and development},
	author={L. A. Schmit},
	journal={AIAA Journal},
	volume={19},
	number={10},
	year={1981},
	pages={1249--1263},
	doi={10.2514/3.7859}
}

@misc{bib:schmit_1984,
	title={Structural synthesis -- Precursor and catalyst. {Recent} experiences in multidisciplinary analysis and optimization},
	author={L. A. Schmit},
	howpublished={Tech. Rep. CP-2337, NASA},
	year={1984}
}

@misc{bib:haftka_1973,
	title={Automated procedure for design of wing structures to satisfy strength and flutter requirements},
	author={R. T. Haftka},
	howpublisched={Tech. Rep. TN D-7264, NASA Langley Research Center, Hampton, VA},
	year={1973}
}

@article{bib:haftka_1975,
	title={Comparison of two types of optimization procedures for flutter requirements},
	author={R. T. Haftka and J. H. {Starnes Jr.} and F. W. Barton and S. C. Dixon},
	journal={AIAA Journal},
	volume={13},
	number={10},
	year={1975},
	pages={1333--1339},
	doi={10.2514/3.60545}
}

@article{bib:haftka_1977,
	title={Optimization of flexible wing structures subject to strength and induced drag constraints},
	author={R. T. Haftka},
	journal={AIAA Journal},
	volume={14},
	number={8},
	year={1977},
	pages={1101--1106},
	doi={10.2514/3.7400}
}

@misc{bib:haftka_1979,
	title={Approximate methods for combined therman/structural design},
	author={R. T. Haftka},
	howpublished={Tech. Rep. TP-1428, NASA},
	year={1979}
}

%Aero structural optimization 
@article{bib:ashley,
	title={On making things the best -- aeronautical uses of optimization},
	author={H. Ashley},
	journal={Journal of Aircraft},
	volume={19},
	number={1},
	year={1982},
	pages={5--28}
}

@article{bib:green,
	title={Aeroelastic tailoring of aft-swept high-aspect-ration composite wings},
	author={J. A. Green},
	journal={Journal of Aircraft},
	volume={24},
	number={11},
	pages={812--819},
	year={1987},
	doi={10.2514/3.45525}
}

@article{bib:grossman_1988,
	title={Integrated aerodynamic/structural design of a sailplane wing},
	author={B. Grossman and Z. Gurdal and G. J. Strauch and W. M. Eppard and R. T. Haftka},
	journal={Journal of Aircraft},
	volume={25},
	number={9},
	pages={855--860},
	year={1988},
	doi={10.2514/3.45670}
}

@article{bib:grossman_1990,
	title={Integrated aerodynamic-structural design of a transport wing},
	author={B. Grossman and R. T. Haftka and P.-J. Kao and D. M. Polen and M. Rais-Rohani},
	journal={Journal of Aircraft},
	volume={27},
	number={12},
	year={1990},
	pages={1050--1056},
	doi={10.2514/3.45980}
}

@article{bib:livne_1990,
	title={Towards integrated multidisciplinary synthesis of actively controlled fiber composite wings},
	author={E. Livne and L. A. Schmit abd O? Friedmann},
	journal={Journal of Aircraft},
	volume={27},
	number={12},
	year={1990},
	pages={797-992},
	doi={10.2514/3.45972}
}

@article{bib:livne_1999,
	title={Integrated aeroservoelastic optimization: status and direction},
	author={E. Livne},
	journal={Journal of Aircraft},
	volume={36},
	number={1},
	year={1999},
	pages={122--145},
	doi={10.2514/2.2419}
}

@article{bib:jansen_2010,
	title={Aerostructural optimization of nonplanar lifting surfaces},
	author={P. Jansen and R. E. Perez and J. R. R. A. Martins},
	journal={Journal of Aircraft},
	volume={47},
	number={5},
	year={2010},
	pages={1491--1503},
	doi={10.2514/1.44727}
}
@article{bib:ning,
	title={Multidisciplinary considerations in the design of wings and wing tip devices},
	author={S. A. Ning and I. M. Kroo},
	volume={47},
	number={2},
	year={2010},
	pages={553--543},
	doi={10.2514/1.41833}
}	

%Full aircraft optimization
@inproceedings{bib:kroo,
	title={Multidisciplinary optimization methods for aircraft preliminary design},
	author={I. M. Kroo and S. Altus and R. Braun and P. Gage and I. Sobieski},
	booktitle={5th AIAA/USAF/NASA/ISSM Symposium of Multidisciplinary Analyss and Optimization},
	address={Panama City Beach, Florida, USA},
	year={1984}
}

@phdthesis{bib:manning,
	title={Large-scale design of supersonic aircraft via collaborative optimization},
	author={V. M. Manning},
	school={Stanford University},
	year={1999}
}

@article{bib:antoine,
	title={Framework for aircraft conceptual design and environmental performance studies},
	author={N. E. Antoine and I. M. Kroo},
	journal={AIAA Journal},
	volume={43},
	number={10},
	year={2005},
	pages={2100--2109}
}

@article{bib:henderson,
	title={Aircraft conceptual design for optimal environmental performance},
	author={R. P; Henderson and J. R. R. A. Martins and R. E. Perez},
	journal={The Aeronautical Journal},
	volume={116},
	number={1175},
	pages={1--22},
	year={2012}
}

@article{bib:alonso,
	title={Multidisciplinary optimization with applications to sonic-boom minimization},
	author={J. J. Alonso and M. R. Colonno},
	journal={Annual Review of Fluid Mechanics},
	volume={44},
	number={1},
	pages={505--526},
	year={2012},
	doi={10.1146/annurev-fluid-120710-101133}
}

%MDO architectures
@article{bib:cramer,
	title={Probme formulation for multidisciplinary design},
	author={E. J. Cramer and J. E. {Dennis Jr.} and P. D. Frank and R. M. Lewis and G. R. Shubin},
	journal={SIAM Journal on Optimization},
	volume={4},
	number={4},
	year={1994},
	pages={754--776},
	doi={10.1137/0804044}
}

@article{bib:alexandrov,
	title={Analytical and computational aspects of collaboration optimization for multidisciplinary design},
	author={N. M. Alexandrov and R. M. Lewis},
	journal={AIAA Journal},
	volume={40},
	number={2},
	year={2002},
	pages={301--309},
	doi={10.2514/2.1646}
}

@article{bib:kroo_1997,
	title={MDO for large-scale design},
	author={I. M. Kroo},
	journal={Multidisciplinary design optimization: state-of-the-art, edited by N. Alexandrov and M. Y. Hussaini},
	publisher={SIAM},
	year={1997},
	pages={22--44}
}

@article{bib:balling,
	title={Optimization of coupled systems: a critical overview of approaches},
	author={R. J. Balling and J. Sobieszczanski-Sobieski},
	journal={AIAA Journal},
	volume={34},
	number={1},
	year={1996},
	pages={6--17}
}

@article{bib:haftka_1985,
	title={Simultaneous analysis and design},
	author={R. T. Haftka},
	journal={AIAA Journal},
	volume={23},
	number={7},
	pages={1099--1103},
	year={1985},
	doi={10.2514/3.9043}
}

@article{bib:lewis,
	title={The other side of multidisciplinary design optimization: accomodating a multiobjective, uncertain and non-deterministic world},
	author={K. Lewis and F. Mistree},
	journal={Engineering Optimization},
	volume={31},
	number={2},
	pages={161--189},
	year={1998},
	doi={10.1080/03052159808941369}
}

@book{bib:miettinen, 
	title={Nonlinear multiobjective optimization},
	author={K. M. Miettinen},
	publisher={Kluwer Academic Publishers},
	edition={1},
	year={1998}
}

@article{bib:schmit_1978,
	title={Multilevel approach to minimum weight design including buckling constraints},
	author={L. A. {Schmit Jr.} and R. K. Ramanathan},
	journal={AIAA Journal},
	volume={16},
	number={2},
	pages={97--104},
	year={1978},
	doi={10.2514/3.60867}
}

@article{bib:bloebaum, 
	title={Coupling strength-based system reduction for complex engineering design},
	author={C. L Bloebaum},
	journal={Structural Optimization},
	volume={10},
	number={2},
	year={1995},
	pages={113--121},
	doi={10.1007/BF01743538}
}

@inproceedings{bib:kennedy,
	title={Parallel solution methods for aerostructural analysis and design optimization},
	author={G. J. Kennedy and J. R. R. A. Martins},
	booktitle={Proceedings of the 13th AIAA/ISSMO Multidisciplinary Analysis Optimization Conference},
	address={Forth Worth, Texas, USA},
	year={2010},
	doi={10.2514/6.2010-9308}
}

@article{bib:vanderplaats,
	title={Parallel solution methods for aerostructural analysis and design optimization},
	author={G. N. Vanderplaats},
	journal={AIAA Journal},
	volume={22},
	number={11},
	year={1984},
	pages={1633--1640},
	doi={10.2514/3.8829}
}

@article{bib:snopt,
	title={{SNOPT}: an {SQP} algorithm for large-scale constrained optimization},
	author={P. E. Gill and W. Murray and M. A. Saunders},
	journal={SIAM Review},
	volume={47},
	number={1},
	year={2005},
	pages={99-131},
	doi={10.1137/S0036144504446096}
}

@article{bib:aigner,
	title={Graph-based algorithms and data-driven documents for formulation and visualization of large MDO systems},
	author={B. Aigner and I. {van Gent} and G. {La Rocca} and E. Stumpf and L. L. M. Veldhuis},
	journal={CEAS Aeronautical Journal},
	volume={9},
	pages={695--709},
	year={2018},
	doi={10.1007/s13272-018-0312-5}
}

%MDO examples
@article{bib:ganguli,
	title={Survey of recent developments in rotorcraft design optimization},
	author={R. Ganguli},
	journal={Journal of Aircraft},
	volume={41},
	number={3},
	year={2004},
	pages={493--510},
	doi={10.2514/1.58}
}

@article{bib:fuglsang,
	title={Optimization method for wind turbine rotors},
	author={P. Fuglsang and H. Madsen},
	journal={Journal of Wing Engineering and Industrial Aerodynamics},
	volume={80},
	year={1999},
	pages={191--206}
}
	
@article{bib:braun,
	title={Collaborative approach to launch vehicle design},
	author={R. D. Braun and A. A. Moore and I. M. Kroo},
	journal={Journal of Spacecraft and Rockets},
	volume={34},
	number={4},
	year={1997},
	pages={478--486},
	doi={10.2514/2.3237}
}

@article{bib:zingg,
	author = {D. W. Zingg  and  M. Nemec and T. H. Pulliam },
	title = {A comparative evaluation of genetic and gradient-based algorithms applied to aerodynamic optimization},
	journal = {European Journal of Computational Mechanics},
	volume = {17},
	number = {1-2},
	pages = {103-126},
	year  = {2008},
	publisher = {Taylor & Francis},
	doi = {10.3166/remn.17.103-126}
}

@article{bib:dantzig,
	title={Decomposition principle for linear programs},
	author={G. B. Dantzig and P. Wolfe},
	journal={Operations Research},
	volume={8},
	number={1},
	pages={101--111},
	year={1960},
	doi={10.1287/opre.8.1.101}
}

@article{bib:benders,
	title={Partitioning procedures for solving mixed variables programming problems},
	author={J. F. Benders},
	journal={Numerische Mathematik},
	volume={4},
	year={1962},
	pages={238--252},
	doi={10.1007/BF01386316}
}

%Benchmarking
@article{bib:tedford,
	title={Benchmarking myltidisciplinary design optimization algorithms},
	author={N. P. Tedford and J. R. R. A. Martins},
	journal={Optimization and engineering},
	volume={11},
	number={1},
	pages={159--183},
	year={2010},
	doi={10.1007/s11081-009-9082-6}
}

@article{bib:martins_2009,
	title={{pyMDO}: an object-oriented framework for multidisciplinary design optimization},
	author={J. R. R. A. Martins and C. Marriage and N. Tedford},
	journal={ACM Transactions on Mathematical Software},
	volume={36},
	number={4},
	year={2009},
	pages={201--225},
	doi={10.1007/s001580050083}
}

@inproceedings{bib:padula,
	title={{MDO} test stuite at {NASA Langley Research Center}},
	author={S. L. Padula and N. Alexandrov and L. L. Green},
	booktitle={Proceedings of the 6th AIAA/NASA/ISSMO Symposium on Multidisciplinary Analysis and Optimization},
	address={Bellevue, Washington, USA},
	year={1996}
}

%%%%%% DESIGN %%%%%% 
@book{bib:kroo_2001,
	title={Aircraft design: synthesis and analysis},
	author={I. Kroo},
	publisher={Desktop Aeronautics, Inc.},
	year={2001}
}

@misc{bib:datcom_ref,
	title={{USAF} stability and control {DATCOM}. {AFWAL-TR-83-3048}},
	author={R. Fink},
	howpublished={McDonnell Douglas Corporation, Douglas Aircraft Division, for the Flight Control division, Air Force Flight Dynamics Laboratory, Wright-Patterson AFB, Ohio},
	year={1960, revised november 1965, revised april 1978}
}

@misc{bib:raymer_concept_design,
	title={Advanced technology subsonic transport study, {N+3} technologies and design concepts, {NASA/TM 2011-217130}},
	author={D. P. Raymer},
	publisher={NASA},
	year={2011}
}

@article{bib:kenway,
	title={Multipoint high-fidelity aerostructural optimization of a transport aircraft configuration},
	author={G. K. W. Kenway and J. R. R. A. Martins},
	journal={Journal of Aircraft},
	volume={51},
	numero={1},
	year={2014}
}

@book{bib:kirby,
	title={{TIES} for dummies (Technology identification, evaluation, and selection), basic how to's to implement the {TIES} method},
	author={M. R. Kirby},
	publisher={Aerospace System Design Laboratory, Georgia Institute of Technology},
	edition={3},
	year={2002}
}

@book{bib:nicolai, 
	title={Lessons learned, a guide to improved aircraft design},
	author={L. Nicolai},
	publisher={Library of Flight, AIAA},
	edition={1},
	year={2016}
}

@inproceedings{bib:bohari,
	title={Conceptual design of distributed propellers aircraft: non-linear aerodynamic model verification of propeller-wing interaction in high-lift configuration},
	author={Bohari, B. and Borlon, A. and Mendoza Santos, P. B. and Sgueglia, A. and Benard, E. and Bronz, M. and Defoort, S.},
	year={2018},
	booktitle={AIAA SciTech Forum},
	address={Kissimmee, Florida, USA},
	doi={10.2514/6.2018-1742},
	pages={1--27}
}

@inproceedings{bib:fast_main,
	title={Use of a certification constraints module for aircraft design activities},
	author={Schmollgruber, P. and Bedouet, J. and Sgueglia, A. and Defoort, S. and Lafage, R. and Bartoli, N. and Gourinat, Y. and Benard, E.},
	year={2017},
	booktitle={AIAA Aviation Forum},
	address={Denver, Colorado, USA},
	pages={1--19},
	doi={10.2514/6.2017-3762}
}

@inproceedings{bib:schmollgruber,
	title={Improvement of the aircraft design process for air traffic management evaluations},
	author={Schmollgruber, P. and Bartoli, N. and Bedouet, J. and Benard, E. and Gourinat, Y.},
	year={2018},
	booktitle={AIAA SciTech Forum},
	address={Kissimmee, Florida, USA},
	doi={10.2514/6.2018-0283}
}

@book{bib:airbus_notes,
	title={Preliminary design of a commercial transport aircraft},
	author={Dupont, W. P. and Colongo, C.},
	year={2012},
	edition={2},
	publisher={Class notes, ISAE-Supaero}
}

@book{bib:roskam_partI,
	title={Airplane design part {I}: preliminary sizing of airplanes},
	edition={4},
	author={Roskam, J.},
	year={2005},
	publisher={DAR Corporation}
}

@book{bib:roskam_partII,
	title={Airplane design part {II}: preliminary configuration design and integration of the propulsive system},
	edition={4},
	author={Roskam, J.},
	year={2005},
	publisher={DAR Corporation}
}

@book{bib:roskam_partIII,
	title={Airplane design part {III}: layout design of cockpit, fuselage, wing and empennage: cutaways and inboard profiles},
	edition={4},
	author={Roskam, J.},
	year={2005},
	publisher={DAR Corporation}
}

@book{bib:roskam_partIV,
	title={Airplane design part {IV}: layout of landing gear and systems},
	edition={4},
	author={Roskam, J.},
	year={2005},
	publisher={DAR Corporation}
}

@book{bib:roskam_partV,
	title={Airplane design part {V}: component weight estimation},
	edition={4},
	author={Roskam, J.},
	year={2005},
	publisher={DAR Corporation}
}

@book{bib:roskam_partVI,
	title={Airplane design part {VI}: preliminary calculation of aerodynamic, thrust and power characteristics},
	edition={4},
	author={Roskam, J.},
	year={2005},
	publisher={DAR Corporation}
}


@book{bib:roskam_partVII,
	title={Airplane design part {VII}: determination of stability, control and performance characteristics: {FAR} and military requirements},
	edition={4},
	author={Roskam, J.},
	year={2005},
	publisher={DAR Corporation}
}

@book{bib:roskam_partVIII,
	title={Airplane design part {VIII}: airplane cost estimation: design, development, manufacturing and operating},
	edition={4},
	author={Roskam, J.},
	year={2005},
	publisher={DAR Corporation}
}

@book{bib:anderson,
	title={Aircraft performance and design},
	edition={5},
	author={{Anderson Jr}, J.D.},
	year={2010},
	publisher={McGraw-Hill}
}

@book{bib:anderson_perfo,
	title={Introduction to flight},
	edition={7},
	author={J.D. {Anderson, Jr}},
	year={2012},
	publisher={McGraw-Hill}
}

@book{bib:roskam_perfo,
	title={Airplane aerodynamics and performance},
	edition={1},
	author={J. Roskam and C.-T. E. Lan},
	year={1997},
	publisher={DAR Corporation}
}

@book{bib:raymer,
	title={Aircraft design: a conceptual approach},
	edition={6},
	author={Raymer, D. P.},
	year={2018},
	publisher = {{Virginia: American Institute of Aeronautics \& Astronautics}},
}

@book{bib:sforza,
	title={Commercial airplane design principles},
	edition={1},
	author={Sforza, P},
	year={2014},
	publisher={Elsevier Aerospace Engineering Series}
}

@inproceedings{bib:thorbeck,
	title={{DOC}--Assessment method},
	author={J. Thorbeck},
	booktitle={3rd Symposium on Collaboration in Aircraft Design},
	address={Link\"{o}ping, Sweden},
	year={2013}
}

@inproceedings{bib:bucsan,
	title={Generalized methodology for sizing unconventional propulsion and configuration aircraft},
	author={Bucsan, G. C. and Colline, K. B. and Mavris, D. M.},
	booktitle={AIAA Aerospace Sciences Meeting},
	address={Grapevine, Texas, USA},
	pages={1--32},
	year={2017},
	doi={10.2514/6.2017-0008}
}

@phdthesis{bib:schmollgruber_phd,
	title={Enhancement of the aircraft design process through certification constraints management and full mission simulations},
	author={Schmollgruber, P.},
	school={ISAE-Supaero},
	year={2018}
}

@inproceedings{bib:liu,
	title={Development of a methodology for assessing and exploiting innovative aircraft concepts and technologies},
	author={Liu, Y. and Horst, P. and Friedrichs, J.},
	booktitle={Aerospace Europe CEAS conference},
	address={Bucharest, Romania},
	year={2017}
}

@book{bib:cdn_notes,
	title={Appunti per un corso di aerodinamica degli aeromobili},
	author={{de Nicola}, C.},
	year={2015},
	edition={1},
	publisher={Class notes, Università degli Studi di Napoli ``Federico II''}
}

@book{bib:agodemar_dsv,
	title={Quaderni di Dinamica e Simulazione di Volo},
	author={{de Marco}, A.},
	year={2015},
	publisher={Class notes, Università degli Studi di Napoli ``Federico II''. \url{http://wpage.unina.it/agodemar/DSV-DQV/}}
}

@inproceedings{bib:hughes,
	title={{NASA} collaborative research on the ultra high bypass engine cycle and potential benefits for the noise, performance, and emissions},
	author={C. E. Hughes},
	booktitle={19th ISABE International Symposium on Air Breathing Engines},
	address={Montreal, Canada},
	year={2009}
}

@article{bib:gur,
	title={Design optimization of a truss-braced-wing transonic transport aircraft},
	author={O. Gur and M. Bhatia and J. A. Schetz and W. H. Mason and R. K. Kapania and D. N. Mavris},
	journal={Journal of Aircraft},
	volume={47},
	numero={6},
	pages={1907--1917},
	year={2010},
	doi={10.2514/1.47546}
}	

@misc{bib:mission_path_def,
	title={{EUROCONTROL} specification for trajectory prediction},
	author={{European Organisation for the Safety of Air Navigation}},
	howpublished={Reference nr.: EUROCONTROL-SPEC-143, Edition 1.0},
	year={2010}
}

@inproceedings{bib:scholz,
	title={{DOC--Assessment method}},
	author={J. Thorbeck},
	booktitle={Presented by D. Scholz at 3rd Symposium on Collaboration in Aircraft Design},
	address={Link\"{o}ping, Sweden},
	year={2013}
}

%%%%%% CERTIFICATION %%%%%%
@book{bib:cs22,
	title={Certification specifications for sailplanes and powered sailplanes {CS-22}, amd. 1},
	author={EASA},
	year={2008},
	publisher={EASA--European Union Aviation Safety Agency}
}

@book{bib:cs23,
	title={Certification specifications for normal, utility, aerobatic and commuter category aeroplanes {CS-23}, amd. 3},
	author={EASA},
	year={2012},
	publisher={EASA--European Union Aviation Safety Agency}
}

@book{bib:cs25,
	title={Certification specifications for large aeroplanes {CS-25}, amd. 3},
	author={EASA},
	year={2017},
	publisher={EASA--European Union Aviation Safety Agency}
}

@book{bib:cs_evacuation,
	title={Large aeroplane evacuation certification requirements, proposed {CM-CS-008}},
	author={EASA},
	year={2015},
	publisher={EASA--European Union Aviation Safety Agency}
}

@inproceedings{bib:schmidt_2016,
	title={{PAXelerate} -- an open source passenger flow simulation framework for advanced aircraft cabin layouts},
	author={M. Schmidt and M. Engelmann and T. Br\"{u}gge-Zobel and M. Hornung and M. Glas},
	booktitle={54th AIAA Aerospace Sciences Meeting},
	address={San Diego, California, USA},
	year={2016}
}

@inproceedings{bib:macal,
	title={Toward teaching agent-based simulation},
	author={C. M. Macal and M. J. North},
	booktitle={Proceedings of the 2010 Winter Simulatino Conference},
	address={Baltimore, Maryland, USA},
	year={2010},
	pages={268--277}
}

@book{bib:catpol,
	author={EASA},
	title={Commission Regulation (EU) n. 965/2012},
	year={2012},
	publisher={Official Journal of the European Commission},
	chapter={4},
	pages={98}
}

@inproceedings{bib:bedouet,
	title={{GAMME}, a meta-model to unify data needs in simulation modeling {(WIP)}},
	author={J. Bedouet and N. Huynh and R. Kervarc},
	booktitle={Proceedings of the Symposium on Theory of Modeling \& Simulations -- DEVS Integrative M\&S Symposium, article n. 14},
	address={San Diego, California, USA},
	year={2013}
}

%%%%%% DISTRIBUTED PROPULSION %%%%%%
@misc{bib:manzel,
	title={Propelling mechanism for the airship and like, serial no. 321,008},
	author={C. W. Manzel},
	year={1924},
	publisher={Serial no. 321,008},
	note={US Patent Office, 1,487,872}
}

@misc{bib:malvestuto,
	title={Aircraft transporter},
	author={F. S. {Malvestuto Jr}},
	year={1974},
	note={US Patent Office, 3,856,238}
}

@phdthesis{bib:kirner,
	title={An investigation into the benefits of distributed propulsion on advanced aircraft configurations},
	author={Kirner, R.},
	school={Cranfield University},
	year={2015}
}

@article{bib:gohardani,
	title={Challenges of future aircraft propulsion: a review of distributed propulsion technology and its potential application for the all electric commercial aircraft},
	author={Gohardani, A. S. and Doulgeris, G. and Singh, R.},
	journal={Progress in Aerospace Sciences},
	volume={47},
	number={5},
	pages={369--391},
	doi={10.1016/j.paerosci.2010.09.001},
	year={2011}
}

@book{bib:gohardani_book,
	author={Gohardani, A. S.},
	title={Distributed propulsion technology},
	year={2014},
	edition={1},
	publisher={NOVA publishers -- Mechanical Engineering Theory and Applications series}
}

@article{bib:ko,
	title={Assessment of the potential advantages of distributed propulsion for aircraft},
	author={Ko, A. and Schetz, J. A. and Mason, W. H.},
	journal={International society for air breathing engines},
	year={2003},
	pages={1--9}
}

@inproceedings{bib:kim_dep,
	title={Distributed propulsion vehicles},
	author={Kim, H. D.},
	year={2010},
	booktitle={International congress of the aeronautical sciences},
	address={Nice, France}
}

@inproceedings{bib:schiltgen,
	title={Aeropropulsive interaction and thermal system integration within the {ECO-150}: a turboelectric distributed propulsion airliner with conventional electric machines},
	author={Schiltgen, B. T. and Freeman, J.},
	year={2016},
	booktitle={AIAA Aviation Technology, Integration and Operation Conference},
	address={Washington, DC, USA},
	doi={10.2514/6.2016-4064}
}

@inproceedings{bib:borer,
	title={Comparison of aero-propulsive performance predictions for distributed propulsion configurations},
	author={Borer, N. K. and Derlaga, J. M. and Deere, K. A. and Carter, M. B.},
	booktitle={AIAA Aerospace Sciences Meeting},
	address={Grapevine, Texas, USA},
	pages={1--16},
	year={2017},
	doi={10.2514/6.2017-0209}
}

@inproceedings{bib:kim_dep_review,
	title={A review of distributed electric propulsion concepts for air vehicle technology},
	author={Kim, H. D. and Petty, A. T. and Ansell, P. J.},
	booktitle={2018 AIAA/IEEE Electric Aircraft Technologies Symposium},
	address={Cincinnati, Ohio, USA},
	year={2018}
}

@inproceedings{bib:papathakis,
	title={Safety considerations for electric, hybrid-electric and turbo-electric distributed propulsion aircraft testbeds},
	author={K. V. Papathakis and P. A. Burkhardt and D. W. Ehmann and A. M. Sessions},
	booktitle={53rd AIAA/SAE/ASEE Joint Propulsion Conference},
	address={Atlanta, Georgia, USA},
	year={2017},
	doi={10.2514/6.2017-5032}
}

@inproceedings{bib:campbell_prop,
	title={Revolutionary propulsion and power for 21st century aviation},
	author={D. J. Campbell},
	booktitle={AIAA/ICAS International Air and Space Symposium and Exposition: The Next 100 Y},
	address={Dayton, Ohio, USA},
	year={2003}
}

@inproceedings{bib:mukhopadhyay_2018,
	title={Structural configuration analysis of advanced flight vehicle concepts with distributed hybrid-electric propulsion},
	author={V. Mukhopadhyay and T. A. Ozorosky and M. L. McMillin},
	booktitle={AIAA Aerospace Sciences Meeting 2018},
	address={Kissimmee, Florida, USA},
	year={2018}
}

@inproceedings{bib:mukhopadhyay_2007,
	title={A conceptual aerospace vehicle structural system modeling, analysis and design process},
	author={V. Mukhopadhyay},
	booktitle={48th AIAA/ASME/ASCE/AHS/ASC Structures, Structural Dynamics, and Materials Conference},
	address={Honolulu, Hawaii, USA},
	year={2007}
}	

@inproceedings{bib:mukhopadhyay_1996,
	title={Structural concepts study of non-circular fuselage configurations},
	author={V. Mukhopadhyay},
	booktitle={SAE technical paper 965561, World Aviation Congress \& Exposition},
	address={Los Angeles, California, USA},
	year={1996}
}

@inproceedings{bib:moore_2018,
	title={Distributed electric propulsion effects on traditional aircraft through multidisciplinary optimization},
	author={K. R. Moore and A. Ning},
	booktitle={AIAA Aerospace Sciences Meeting 2018},
	address={Kissimmee, Florida, USA},
	year={2018}
}

%Ampere
@inproceedings{bib:dillinger_ampere, 
	title={Handling qualities of ONERA's small business concept plane with distributed electric propulsion},
	author={Dillinger, E. and D\"{o}ll, C. and Liaboeuf, R. and Toussaint, C. and Hermetz, J. and Verbeke, C. and Ridel, M.},
	booktitle={31st Congress of the International Council of the Aeronautical Sciences},
	address={Belo Horizonte, Brasil},
	year={2018}
}

@inproceedings{bib:ampere_ref,
	title={Distributed electric propulsion for small business aircraft: a concept-plane for key-technologies investigations},
	author={Hermetz, J. and Ridel, M. and D\"{o}ll, C.},
	booktitle={30th Congress of the International Council of the Aeronautical Sciences},
	address={Daejeon, South Corea},
	year={2016}
}


%%%%%% HYBRID ELECTRIC %%%%%%
@misc{bib:us_kerosene_cost,
	title={{U.S.} gulf coast kerosene-type jet fuel spot price {FOB}},
	author={{U.S. Energy Information Administration}},
	howpublished={\url{https://www.eia.gov/petroleum}},
	year={2017}
}

@misc{bib:us_electric_cost,
	title={Wholesale electricity and natural gas market data},
	author={{U.S. Energy Information Administration}},
	howpublished={\url{https://www.eia.gov/electricity/wholesale}},
	year={2017}
}

@article{bib:seresinhe,
	title={Electrical load-sizing methodology to aid conceptual and preliminary design of large commercial aircraft},
	author={Seresinhe, R. and Lawson, C.},
	journal={Journal of Aerospace Engineering},
	volume={229},
	number={3},
	pages={445--466},
	year={2014},
	doi={10.1177/0954410014534638}
}

@article{bib:liu_2018,
	title={Exploring vehicle level benefits of revolutionary technology progress via aircraft design and optimization},
	author={Y. Liu and A. Elham and P. Horst and M. Hepperle},
	journal={Energies},
	volume={11},
	numero={166},
	year={2018},
	pages={1--22},
	doi={10.3390/en11010166}
}

@inproceedings{bib:madavan,
	title={A {NASA} perspective on electric propulsion technologies for commercial aviation},
	author={N. Madavan and J. Heidmann and C. Bowman and P. Kascak and A. Janjowsky and R. Jansen},
	booktitle={Workshop on technology roadmap for large electric machines},
	address={University of Illinois Urbana--Champaign, USA},
	year={2016}
}

@inproceedings{bib:ausserer,
	title={Integration, validation, and testing of a hybrid-electric propulsion system for a small remotely piloted aircraft},
	author={J. K. Ausserer and F. G. Armon},
	booktitle={10th Interational Energy Conversion Engineering Conference},
	address={Atlanta, Georgia, USA},
	year={2012},
	doi={10.2514/6.2012-4239}
}

@book{bib:naec,
	title={Commercial aircraft propulsion and energy systems research: reducing global carbon emission},
	author={NAEC},
	publisher={National Academy of Engineering Committee on Propulsion and Energy Systems to Reduce Commercial Aviation Carbon Emissions, National Academies Press},
	year={2016},
	doi={10.17226/23490}
}

@inproceedings{bib:hileman,
	title={Payload fuel energy efficiency as a metric for aviation environmental performance},
	author={J. I. Hileman and J. B. Katz and J. G. Mantilla and G. Fleming},
	booktitle={26th International Congress of the Aeronautical Sciences ICAS},
	address={Anchorage, Alaska, USA},
	year={2008}
}

@misc{bib:dever,
	title={Assessment of technologies for noncryogenic hybrid electric propulsion, NASA/TP--2015-216588},
	author={T.P. Dever and K. P. Duffy and a. J. Provenza and P. L. Loyselle and B. B. Choi and C. R. Morrison and A. M. Lowe},
	publisher={NASA},
	year={2015}
}

@article{bib:rheaume,
	title={Energy storage for commercial hybrid electric aircraft},
	author={J. Rheaume and C. Lents},
	journal={SAE Technical paper 2016-01-2014},
	year={2016},
	doi={10.4271/2016-01-2014}
}

@book{bib:pornet_book,
	title={Electric drives for propulsion system of transport aircraft, new applications of electric drives},
	author={C. Pornet},
	chapter={5},
	publisher={Miroslav Chomat, IntechOpen},
	doi={10.5772/61506},
	year={2015}
}

@inproceedings{bib:vratny,
	title={Investigation of universally electric propulsion systems for transport aircraft},
	author={P. C. Vratny and P. Forsbach and A. Seitz and M. Hornung},
	booktitle={29th International Congress of the Aeronautical Sciences ICAS},
	address={St Petersburg, Russia},
	year={2014}
}

@inproceedings{bib:seitz,
	title={Pre-concept performance investigation of electrically powered aero-propulsion systems},
	author={A. Seitz and A. T. Isikveren and M. Hornung},
	booktitle={49th AIAA/ASME/SAE/ASEE Joint Propulsion Conference},
	address={San Jose, California, USA},
	year={2013}
}

@inproceedings{bib:ploetner,
	title={Operating cost estimation for electric-powered transport aircraft},
	author={K. O. Ploetner and M. Schmidt and D. Baranowsky and A. T. Isikveren and M. Hornung},
	booktitle={Aviation Technology, Integration and Operations Conference},
	address={Los Angeles, California, USA},
	year={2013}
}

@article{bib:hoelzen,
	title={Conceptual design of operation strategies for hybrid electric aircraft},
	author={J. Hoelzen and Y. Liu and B. Bensmann and C. Winnefeld and A. Elham and J. Friedrichs and R. Hanke-Rauschenbach},
	journal={Energies},
	volume={11},
	numero={217},
	pages={1--26},
	year={2018},
	doi={10.3390/en11010217}
}

@inproceedings{bib:khero,
	title={Aero-propulsive coupling of an embedded distributed propulsion system},
	author={M. Khero},
	booktitle={33rd AIAA Applied Aerodynamics Conference},
	address={Dallas, Texas, USA},
	year={2015}
}

@misc{bib:armstrong,
	title={Architecture, voltage and components for a turboelectric distributed propulsion electric grid, {NASA/CR}-2015-218440},
	author={M. J. Armstrong and M. Blackwelder and A. Bollman and C. Ross and A. Campbell and C. Jones and P. Norman},
	publisher={NASA},
	year={2015}
}

@inproceedings{bib:campbell,
	title={Design of a hybrid electrical propulsion system},
	author={C. Campbell and E. Dittman and J. MacRae and C. Ehringer and A. Stone and K. Lake and S. Haskins and R. R. Mankbadi},
	booktitle={52nd AIAA/ASME/ASCE/AHS/ASC Structure, Structural Dynamics and material Conference},
	address={Denver, Colorado, USA},
	year={2011}
}

@misc{bib:eichenber,
	title={Development of a 32 inch diameter levitated ducted fan conceptual design, {NASA/TM}-2006-214481},
	author={D. J. Eichenberg and C. A. Gallo and P. A. Solano and W. K. Thompson and D. R. Vrnak},
	publisher={NASA},
	year={2006}
}

@inproceedings{bib:jansen,
	title={Overview of {NASA} electrified aircraft propulsion {(EAP)} research for large subsonic transports},
	author={R. Jansen and C. Bowman and A. Jankovsky and R. Dyson and J. Felder},
	booktitle={AIAA Propulsion and Energy Forum},
	address={Atlanta, Georgia, USA},
	year={2017},
	doi={10.2514/6.2017-4701}
}

@inproceedings{bib:wick,
	title={Integrated aerodynamic benefits of distributed propulsion},
	author={Wick, A. T. and Hooker, J. R. and Hardin, C. J. and Zeune, C. H.},
	year={2015},
	booktitle={AIAA SciTech Forum},
	address={Kissimmee, Florida, USA},
	doi={10.2514/6.2015-1500}
}

@article{bib:centracchio,
	title={Approach to the weight estimation in the conceptual design of hybrid-electric-powered unconventional regional aircraft},
	author={F. Centracchio and M. Rossetti and U. Iemma},
	journal={Journal of Advanced Transportation},
	volume={2018},
	pages={1--15},
	year={2018},
	doi={10.1155/2018/6320197}
}

@inproceedings{bib:steiner,
	title={Performance and sizing of transport aircraft employing electrically-powered distributed propulsion},
	author={Steiner, H. J. and Vranty, P. C. and Gologan, C. and Wieczorek, K. and Isikveren, A. T. and Hornung, M.},
	booktitle={Deutscher Luft- und Raumfahrtkongress},
	year={2012},
	address={Berlin, Germany}
}

@inproceedings{bib:steiner_2012,
	title={Multi-disciplinary design and feasibility study of distributed propulsion systems},
	author={Steiner, H. J. and Seitz, A. and Wieczorek, K. and Pl\''{o}tner, K. and Isikveren, A. T. and Hornung, M.},
	booktitle={28th International Congress of the Aeronautical Sciences},
	year={2012},
	address={Brisbane, Australia}
}

@inproceedings{bib:devries,
	title={Preliminary sizing of a hybrid-electric passenger aircraft featuring over-the-wing distributed-propulsion},
	author={R. {de Vries} and M. F. M. Hoogreef and R. Vos},
	booktitle={AIAA SciTech Forum},
	address={San Diego, California, USA},
	year={2019}
}

@inproceedings{bib:devries_2018,
	author = {R. {de Vries} and M. T. Brown and R. Vos},
	title = {A Preliminary Sizing Method for Hybrid-Electric Aircraft Including Aero-Propulsive Interaction Effects},
	booktitle = {Aviation Technology, Integration, and Operations Conference},
	address={Atlanta, Georgia, USA},
	year={2018},
	doi={10.2514/6.2018-4228}
}


@inbook{bib:finger,
	author = {D. Felix Finger and Carsten Braun and Cees Bil},
	title = {An Initial Sizing Methodology for Hybrid-Electric Light Aircraft},
	booktitle = {2018 Aviation Technology, Integration, and Operations Conference},
	publisher={AIAA},
	doi = {10.2514/6.2018-4229},
	address={Atlanta, Georgia, USA},
	year={2018}
}

@inproceedings{bib:hoogreef,
	title={Conceptual assessment of hybrid electric aircraft with distributed propulsion and boosted turbofans},
	author={M. F. M. Hoogreef and R. Vos and R. {de Vries} and L. L. M. Veldhuis},
	booktitle={AIAA SciTech Forum},
	address={San Diego, California, USA},
	year={2019}
}

@inproceedings{bib:freeman_eco150,
	title={{ECO}-150-300 design and performance: a tube-and-wing distributed electric propulsion airliner},
	author={J. L. Freeman and B. T. Schiltgen},
	booktitle={AIAA SciTech Forum},
	address={San Diego, California, USA},
	year={2019}
}

@inproceedings{bib:schmidt,
	title={Implications of aircraft concepts using alternative energy on ground operation},
	author={M. Schmidt and A. Paul and M. Cole and K. O. Ploetner},
	booktitle={18th Air Transport Research Society (ATRS)},
	address={Bordeaux, France},
	year={2014}
}

@inproceedings{bib:lambert,
	title={Long-term hybrid-electric propulsion architecture options for transport aircraft},
	author={P.-A. Lambert and D. Alejo and Y. Fefermann and C. Maury and B. Thoraval and J.-P. Salanne and A. T. Isikveren},
	booktitle={Greener Aviation 2016},
	address={Brussels, Belgium},
	year={2016}
}

@inbook{bib:sgueglia_book,
	title={Technologies sensitivity analysis of an hybrid aircraft},
	bookTitle={Aerospace system analysis and optimization in uncertainty},
	author={A. Sgueglia and S. Dubreuil and N. Bartoli},
	editor={L. Brevault and M. Balesdent and J. Morio},
	publisher={Springer Optimization and its Application. New York: Springer},
	chapter={10},
	note={(In press)},
	year={2019}
}

@article{bib:sgueglia_joa,
	title={Development of a multidisciplinary design optimization framework with gradient calculation applied to hybrid aircraft},
	author={A. Sgueglia and P. Schmollgruber and E. Benard and N. Bartoli and J. Morlier and J. Jasa and J. R. R. A. Martins and J. T. Hwang and J. S. Gray},
	journal={Journal of Aircraft},
	year={2019},
	note={(Under review)}
}

@inproceedings{bib:isikveren_2014,
	title={Future transport aircraft ultra-low emissions technology options},
	author={A. T. Isikveren and M. Schmidt},
	booktitle={GARS Workshop Air Transport and Climate Change},
	address={Worms, Germany},
	year={2014}
}

@inproceedings{bib:burguburu,
	title={Turboshaft engine predesign and performance assessment},
	author={S. Burguburu and P.-M. Basset},
	booktitle={48th AIAA/ASME/SAE/ASEE Joint Propulsion Conference \& Exhibit},
	address={Atlanta, Georgia},
	year={2012}
}

@inproceedings{bib:schmitz_2013,
	title={Unified applicable propulsion system performance metrics},
	author={O. Schmitz and M. Hornung},
	booktitle={Proceedings of ASME Turbo Expo 2013: Turbine Technical Conference and Exposition},
	address={San Antonio, Texas, USA},
	year={2013}
}

@article{bib:xin,
	title={China's 30m, 35{kV/2kA ac HTS power cable project}},
	author={Y. Xin and B. Hou and Y. Bi and K. Cao and Y. Zhang and S. Wy and H. Ding and G. Wang and Q. Lui and Z. Han},
	journal={Superconduction Science and Technology},
	volume={17},
	number={5},
	pages={332--335},
	year={2004},
	doi={10.1088/0953-2048/17/5/048}
}

@inproceedings{bib:stuckl,
	title={{VOLTAIR - The all electric propulsion concept platform - A vision for atmospheric friendly flight}},
	author={S. St\"{u}ckl and J. {Van Toor} and H. Lobentanzer},
	booktitle={28th International Congress of the Aeronautical Sciences, ICAS},
	address={Brisbane, Australia},
	year={2012}
}

@inproceedings{bib:kuhn,
	title={Progress and perspectives of electric air transport},
	author={H. Kuhn and A. Seitz and L. Lorenz and A. T. Isikveren and A. Sizmann},
	booktitle={28th International Congress of the Aeronautical Sciences, ICAS},
	address={Brisbane, Australia},
	year={2012}
}

%Methods
@inproceedings{bib:marwa,
	title={Analytic and numeric forms for the performance of propeller-powered electric and hybrid aircraft},
	author={Marwa, M. and Martin, S. M. and Martos, B. C. and Anderson, R. P.},
	booktitle={AIAA Aerospace Sciences Meeting},
	address={Grapevine, Texas, USA},
	pages={1--37},
	year={2017},
	doi={10.2514/6.2017-0211}
}

@inproceedings{bib:cinar_methods,
	title={Development of a parametric power generation and distribution subsystem models at conceptual aircraft design stage},
	author={Cinar, G. and Mavris, D. N. and Emeneth, M. and Schneegans, A. and Riediger, C. and Fefermann, Y. and Isikveren, A.},
	booktitle={AIAA Aerospace Scientes Meeting},
	address={Grapevine, Texas, USA},
	year={2017},
	pages={1--18},
	doi={10.2514/6.2017-1182}
}

@book{bib:lowry,
	title={Electric vehicle technology explained},
	edition={2},
	author={Lowry, J. and Larminie, J.},
	year={2012},
	publisher={John Wiley \& Sons},
	chapter={2},
	pages={23--29, 45}
}

@inproceedings{bib:hepperle,
	title={Electric flight -- potential and limitations},
	author={Hepperle, M.},
	booktitle={Tech. rep. STO-MP-AVT-209},
	publisher={NATO},
	year={2012},
	address={Braunschweig}
}

@article{bib:isikveren,
	title={Pre-design strategies and sizing techniques for dual-energy aircraft},
	author={Isikveren, A. T. and Kaiser, S. and Pornet, C. and Vranty, P. C.},
	journal={Aircraft engineering and aerospace technology},
	volume={86},
	number={6},
	year={2014},
	doi={10.1108/AEAT-08-2014-0122},
	pages={525--542}
}

@inproceedings{bib:isikveren_celiner,
	title={Conceptual studies of universally-electric systems architectures suitable for transport aircraft},
	author={A. T. Isikveren and A. Seitz and P. C. Vranty and C. Pornet and K. O. Pl\"{o}tner and M. Hornung},
	booktitle={Deutscher Luft-und Raumfahrt Kongress 2012},
	address={Berlin, Germany},
	year={2012}
}

@inproceedings{bib:seitz_2012,
	title={Electrically powered propulsion: comparison and constrast to gas turbines},
	author={A. Seitz and O. Schmitz and A. T. Isikveren and L. Hornung},
	booktitle={Deutscher Luft-und Raumfahrt Kongress 2012},
	address={Berlin, Germany},
	year={2012}
}

@article{bib:isikveren_2017,
	title={The method of quadrant based algorithmic nomographs for hybrid/electric aircraft pre-design},
	author={A. T. Isikveren},
	journal={Journal of Aircraft},
	volume={55},
	number={1},
	pages={396--405},
	year={2017},
	doi={10.2514/1.C034355}
}

@mastersthesis{bib:vanbogaert,
	title={Assessment of potential fuel saving benefits of hybrid-electric regional aircraft},
	author={J. {Van Boegart}},
	school={TU Delft},
	year={2015}
}

%Sizing
@article{bib:brelje_model,
	title={Development of a conceptual design model for aircraft electric propulsion with efficient gradients},
	author={Brelje, B. J. and Martins, J. R. R. A.},
	journal={Electric Aircraft Technologies Symposium},
	year={2018},
	doi={10.2514/6.2018-4979}
}

@inproceedings{bib:sgueglia,
	title={Exploration and sizing of a large passenger aircraft with distributed electric ducted fans},
	author={Sgueglia, A. and Schmollgruber, P. and Bartoli, N. and Atinault, O. and Benard, N. and Morlier, J.},
	year={2018},
	booktitle={AIAA SciTech Forum},
	address={Kissimmee, Florida, USA},
	doi={10.2514/6.2018-1745}
}

@article{bib:pornet,
	title={Methodology for sizing and performance assessment of hybrid energy aircraft},
	author={Pornet, C. and Seitz, A. and Isikveren, A. T. and Hornung, M.},
	journal={Journal of Aircraft},
	volume={52},
	number={1},
	doi={10.2514/1.C032716},
	year={2014},
	pages={341--352}
}

@article{bib:pornet_cost,
	title={Cost-based flight technique optimization for hybrid energy aircraft},
	author={C. Pornet and S. Kaiser and C. Gologan},
	journal={Aircraft Engineering and Aerospaec Technology},
	volume={86},
	number={6},
	year={2014},
	pages={591--598},
	doi={10.1108/AEAT-05-2014-0075}
}

@article{bib:pornet_journal_he,
	title={Conceptual design of hybrid-electric transport aircraft},
	author={C. Pornet and A. T. Isikveren},
	journal={Progress in Aerospace Sciences},
	publisher={Pergamon},
	volume={79},
	pages={114--135},
	year={2015},
	doi={10.1016/j.paerosci.2015.09.002}
}

@inproceedings{bib:cinar_sizing,
	title={Sizing, integration and performance evaluation of hybrid electric propulsion subsystem architectures},
	author={Cinar, G. and Mavris, D. N. and Emeneth, M. and Schneegans, A. and Fefermann, Y.},
	booktitle={AIAA Aerospace Scientes Meeting},
	address={Grapevine, Texas, USA},
	year={2017},
	pages={1--18},
	doi={10.2514/6.2017-1183}
}

@inproceedings{bib:he_aviation_course,
	title={Design of electric and hybrid-electric aircraft},
	author={M. Bradley},
	year={2018},
	booktitle={Presentation at Aviation Forum -- Hybrid aircraft course},
	address={Atlanta, Georgia, USA}
}

@article{bib:simon,
	title={Materials for electrochemical capacitors},
	author={P. Simon and Y. Gogotsi},
	journal={Nature Materials},
	number={7},
	year={2008},
	pages={845--854}
}

%Case studies
@inproceedings{bib:ludowicy,
	title={Sizing studies of light aircraft with serial hybrid propulsion systems},
	author={Ludowicy, J. and Rings, R. and Finger, D. F. and Braun, C.},
	booktitle={Deutscher Luft- und Raumfahrtkongress, DRLK},
	address={Friedrichshafen, Germany},
	pages={1--11},
	year={2018}
}

@inproceedings{bib:welstead_2016,
	title={Conceptual design of a single-aisle turboelectric commercial transport with fuselage boundary layer ingestion},
	author={Welstead, J. and Felder, J. L.},
	booktitle={54th AIAA Aerospace Sciences Meeting},
	address={San Diego, California, USA},
	year={2016},
	doi={10.2514/6.2016-1027}
}

@misc{bib:welstead_2017,
	title={Overview of the {NASA STARC-ABL} (rev. {B}) advanced concept},
	author={Welstead, J. and Felder, J. L. and Guynn, M. D. and Haller, W. and Tong, M. T. and Jones, S. and Ordaz, I. and Quinlan, J. and Mason, B.},
	howpublished={\url{https://ntrs.nasa.gov/search.jsp?R=20170005612}},
	year={2017}
}

@inproceedings{bib:kratz,
	author = {Jonathan L. Kratz and George L. Thomas},
	title = {Dynamic Analysis of the STARC-ABL Propulsion System},
	booktitle = {AIAA Propulsion and Energy 2019 Forum},
	address={Indianapolis, Indiana, USA},
	doi = {10.2514/6.2019-4182},
	year={2019}
}

@inproceedings{bib:yoon,
	title={Direct drive electric motor for {STARC-ABL} tail-cone propulsor},
	author={A. K. Yoon and D. Lohan and F. Arastu and J. Xiao and K. Haran},
	booktitle={AIAA Propulsion and Energy 2019 Forum},
	address={Indianapolis, Indiana, USA},
	year={2019},
	doi={10.2514/6.2019-4516}
}

%CE-Liner
@inproceedings{bib:hornung,
	title={CE-Liner -- Case study for eMobility in air transportation},
	author={Hornung, M. and Isikveren, A. T. and Cole, M. and Sizmann, A.},
	booktitle={AIAA Aviation Technology, Integration, and Operations Conference},
	address={Los Angeles, California, USA},
	year={2013},
	doi={10.2514/6.2013-4302}
}

@misc{bib:plotner,
	title={Impact of electrically powered transport aircraft on energy and battery demand for {G}ermany},
	author={K. O. Pl\"{o}tner and P. C. Vranty and M. Schmidt and A. T. Isikveren and M. Hornung},
	howpublished={Deutscher Luft- und Raumfahrtkongress (DLR), Document --ID: 1344},
	year={2013}
}

%Aurora D8 
@inproceedings{bib:aurora_d8_ref,
	title={Development of the D8 transport configuration},
	author={Drela, M.},
	booktitle={29th AIAA Applied Aerodynamics Conference},
	address={Honolulu, Hawaii, USA},
	year={2011}
}

%SUGAR
@misc{bib:bradley_sugar_p1,
	title={{Subsonic Ultra Green Aircraft Research}: Phase {I} -- {F}inal report. {NASA/CR}-2011-216847},
	author={Bradley, M. K. and Droney, C. K.},
	publisher={NASA},
	year={2011}
}

@misc{bib:bradley_sugar_p2_v2,
	title={{Subsonic Ultra Green Aircraft Research}: Phase {II} -- {V}olume {II} -- Hybrid Electric Design Exploration. {NASA/CR}-2015-218704},
	author={Bradley, M. K. and Droney, C. K.},
	publisher={NASA},
	year={2015}
}

@misc{bib:bradley_sugar_p2,
	title={{Subsonic Ultra Green Aircraft Researc}h: Phase II. {N+4} advanced concept development},
	author={Bradley, M. K. and Droney, C. K.},
	publisher={NASA},
	year={2012}
}


%SCEPTOR X-57
@inproceedings{bib:borer_sceptor,
	title={Design and performance of the {NASA SCEPTOR} distributed electric propulsion flight demonstrator},
	author={Borer, N. K. and Patterson, M. D. and Viken, K. V. and Moore, M. D. and Bevirt, J. and Stroll, A. M. and Gibson, A. R.},
	booktitle={AIAA Aviation Technology, Integration, and Operations Conference},
	address={Washington, DC, USA},
	year={2016},
	doi={10.2514/6.2016-3920}	
}

@inproceedings{bib:clarke,
	title={X-57 power and command system design},
	author={Clarke, S. and Redifer, M. and Papathakis, K. V. and Samnuel, A. and Foster, T.},
	booktitle={2017 IEEE Transportation and Electrification Conference and Explo ITEC},
	address={Chicago, Illinois, USA},
	pages={393--400},
	year={2017},
	doi={10.1109/ITEC.2017.7993303}
}

@inproceedings{bib:deere_2017a,
	title={Computational analysis of a wing designed for the X-57 distributed electric propulsion aircraft},
	author={Deere, K. A. and Viken, J. K. and Viken, S. A. and Carter, M. B. and Wiese, M. R. and Farr, N.},
	booktitle={17th AIAA Aviation Technology, Integration, and Operations Conference},
	address={Denver, Colorado},
	year={2017}
}

@inproceedings{bib:deere_2017b,
	title={Computational analysis of powered lift augmentation for the LEAPTech distributed electric propulsion wing},
	author={Deere, K. A. and Viken, J. K. and Viken, S. A. and Carter, M. B. and Wiese, M. R. and Farr, N.},
	booktitle={35th AIAA Applied Aerodynamics Conference},
	address={Denver, Colorado},
	year={2017},
	doi={10.2514/6.2017-3921}
}

@inproceedings{bib:schnulo,
	title={Steady state thermal analyses of SCEPTOR X-57 wingtip propulsion},
	author={Schnulo, S. L. and Chin, J. and Smith, A. D. and Dubois, A.},
	booktitle={17th AIAA Aviation Technology, Integration and Operations Conference},
	address={Denver, Colorado, USA},
	year={2017},
	doi={10.2514/6.2017-3788}
}

@inproceedings{bib:hwang_x57,
	title={Large-scale multidisciplinary optimization of an electric aircraft for on-demand mobility},
	author={Hwang, J. T. and Ning, A.},
	booktitle={AIAA/ASCE/AHS/ASC Structures, Structural Dynamics, and Materials Conference},
	address={Kissimmee, Florida, USA},
	pages={1--18},
	year={2018},
	doi={10.2514/6.2018-1384}
}

%PEGASUS
@inproceedings{bib:pegasus,
	title={Conceptual design of the parallel electric-gas architecture with synergistic utilization scheme {(PEGASUS)} concept},
	author={Antcliff, K. R. and Capristan, F. M.},
	booktitle={18th AIAA/ISSMO Multidisciplinary Analysis and Optimization Conference},
	address={Denver, Colorado, USA},
	year={2017},
	doi={10.2514/6.2017-4001}
}

%DRAGON
@inproceedings{bib:dragon,
	title={Multidisciplinary exploration of DRAGON: an ONERA hybrid electric distributed propulsion concept},
	author={Schmollgruber, P. and D\"{o}ll, C. and Hermetz, J. and Liaboeuf, R. and Ridel, M. and Cafarelli, I. and Atinault, O. and Fraçois, C. and Paluch, B.},
	booktitle={AIAA SciTech Forum},
	address={San Diego, California, USA},
	year={2019}
}

%PIPISTREL
@misc{bib:pipistrel_alpha,
	title={Alpha Electro technical data},
	author={Pipistrel},
	howpublished={\url{https://www.pipistrel.ad/training/alpha-electro}},
	year={2016}
}

@misc{bib:pipistrel_taurus,
	title={{T}aurus {E}lectro {G2} technical data},
	author={Pipistrel},
	howpublished={\url{http://www.pipistrel.si/plane/taurus-electric/technical-data}},
	year={2011}
}

@misc{bib:hypstair_project,
	title={Development and validation of hybrid propulsion system components and sub-system for electrical aircraft},
	author={{Hypstair project}},
	howpublished={http://www.hypstair.eu/},
	year={2016}
}

%Antares
@mastersthesis{bib:antares,
	title={State of the art of pilotes electric airplanes, {NASA}'s centellian challenge data and fundamental design implications},
	author={L. A. Costello},
	school={Embry-Riddle Aeronautical University School},
	address={Daytona Beach, Florida, USA},
	year={2011}
}

@misc{bib:antares_main,
	title={Antares {20E} product},
	author={{Lange aviation}},
	howpublished={\url{https://www.lange-aviation.com/en/produkte/antares-20e/}},
	year={2003}
}

%Various
@article{bib:lapena,
	title={First fuel-cell manned aircraft},
	author={N. Lapena-Rey and J. Mosquera and E. Nataller and F. Ort\'{i}},
	journal={Journal of Aircraft},
	volume={47},
	number={6},
	pages={1825--1835},
	year={2010},
	doi={10.2514/1.42234}
}

@misc{bib:diamond,
	title={About {D}iamond - Innovation},
	author={Siemens},
	howpublished={\url{http://www.diamondaircraft.com/about-diamon/innovation/}},
	year={2017}
}

@mastersthesis{bib:nanda,
	title={The propulsive design aspects on the world's first direct drive hybrid airplane},
	author={A. Nanda},
	school={Embry-Riddle Aeronautical University School},
	address={Daytona Beach, Florida, USA},
	year={2011}
}

@inproceedings{bib:diamond_2,
	title={Electric propulsion components with high power densities for aviation},
	author={K. Petermaier},
	booktitle={2015 Transformational Vertical Flight Workshop},
	address={Siemens AG},
	year={2015}
}

%%%%%% BLENDED WING-BODY %%%%%%
@inproceedings{bib:ko_bwb,
	title={{MDO} of a blended-wing-body transport aircraft with distributed propulsion},
	author={A. Ko and T. Leifsson and W. H. Mason and J. A. Schetz and B. Grossman and R. T. Haftka},
	booktitle={AIAA's 3rd Annual Aviation Technology, Integration, and operations (ATIO) Forum},
	address={Denver, Colorado, USA},
	year={2003}
}

@inproceedings{bib:carter,
	title={Blended-wing-body transonic aerodynamics: summary of ground tests and sample results (invited)},
	author={M. B. Carter and D. D. Vicroy and D. Patel},
	booktitle={47th AIAA Aerospace Sciences Meeting},
	address={Orlando, Florida, USA},
	year={2009}
}

@article{bib:sgueglia_bwb,
	title={Preliminary sizing of a medium range blended wing-body using a multidisciplinary design analysis approach},
	author={Sgueglia, A. and Schmollgruber, P. and Benard, E. and Bartoli, N. and Morlier, J.},
	journal={MATEC Web of Conferences},
	volume={233},
	number={00014},
	year={2018},
	pages={1--8},
	doi={10.1051/matecconf/201823300014}
}

@article{bib:sgueglia_bwb_2019,
	title={Multidisciplinary and multifidelity exploration of a medium range {Blended Wing-Body} transport aircraft},
	author={A. Sgueglia and L. Cerquetani and L. C. {e Chuna Lima} and D. A. Kharoub and P. {Rodriguez Otero} and H. Kaur and P. Traverso and S. S. C. Yella and E. Benard},
	journal={Aerospace},
	volume={},
	number={},
	year={2019},
	pages={},
	doi={},
	note={Submitted}
}

@article{bib:torenbeek_bwb,
	ISSN = {0096736X, 25771531},
	URL = {http://www.jstor.org/stable/44547589},
	author = {E. Torenbeek},
	journal = {SAE Transactions},
	pages = {158--163},
	publisher = {SAE International},
	title = {Aerodynamic Performance of Wing-Body Configurations and the Flying Wing},
	volume = {100},
	year = {1991}
}

@article{bib:liebeck_2004,
	title={Design of the blended wing-body subsonic transport},
	author={Liebeck, R. H.},
	journal={Journal of Aircraft},
	volume={41},
	number={1},
	pages={10--25},
	year={2004},
	doi={10.2514/1.9084}
}

@inproceedings{bib:liebeck_1998,
	title={Blended wing-body subsonic commercial transport},
	author={Liebeck, R. H. and Page, M. A. and Rawdon, B. K.},
	booktitle={AIAA Aerospace Sciences Meeting and Exhibit 98-0438},
	year={1998},
	doi={10.2514/6.1998-438}
}

@inproceedings{bib:nickol,
	title={Assessment of the performance potential of advanced subsonic transport concepts for {NASA}'s environmentally responsible aviation project},
	author={Nickol, C. L. and Haller, W. J.},
	booktitle={AIAA SciTech Forum},
	address={San Diego, California, USA},
	year={2016},
	doi={10.2514/6.2016-1030}
}

@inproceedings{bib:dzyne_bwb,
	title={Single-aisle airliner disruption with a single-deck blended wing-body},
	author={Page, M. A. and Smetak, E. J. and Yang, S. L.},
	booktitle={31st Congress of the Interational Council of the Aeronautical Sciences},
	address={Belo Horizonte, Brazil},
	year={2018},
}

@article{bib:qin,
	title={Aerodynamic considerations of blended wing-body aircraft},
	author={Qin, N. and Vavalle, A. and {Le Moigne}, A. and Laban, M. and Hackett, K. and Weinerfelt, P.},
	journal={Progress in Aerospace Sciences},
	volume={40},
	pages={321--343},
	year={2004},
	doi={10.1016/j.paerosci.2004.08.001}
}

@inproceedings{bib:brown,
	title={Conceptual design and evaluation of Blended Wing-Body aircraft},
	author={Brown, M. and Vos, R.},
	booktitle={AIAA SciTech Forum},
	address={Kissimmee, Florida, USA},
	year={2018},
	doi={10.2514/6.2018-0522}
}

@misc{bib:bradley_bwb,
	title={A sizing methodology for the conceptual design of Blended Wing-Body transports. {NASA/CR}-2004-213016},
	author={Bradley, M. K.},
	publisher={NASA},
	year={2004}
}

@inproceedings{bib:prince,
	title={A rapid aerodynamic prediction method for unconventional transonic aircraft configurations},
	author={Prince, S. and {Di Pasquale}, D. and Garry, K. and Nuzzo, C.},
	booktitle={31st congress of the interational council of the aeronautical sciences},
	address={Belo Horizonte, Brazil},
	year={2018}
}

@book{bib:nickel,
	title={Tailless aircraft in theory and practice},
	edition={2},
	author={Nickel, K and Wohlfahrt, M.},
	note={Translated by E. M. Brown RN},
	year={1996},
	publisher={AIAA Education Series}
}

@inproceedings{bib:defoort,
	title={Conceptual design of disruptive aircraft configurations based on high-fidelity {OAD} process},
	author={S. Defoort and M. M\'{e}heut and B. Paluch and R. Liaboeuf and R. Murray and D. Mincu and J.-M. David},
	booktitle={AIAA Aviation Forum},
	address={Atlanta, Georgia, USA},
	year={2018},
	doi={10.2514/6.2018-3663}
}

@article{bib:hansen,
	title={Blended wing body structures in multidisciplinary pre-design},
	author={L. U. Hansen and W. Heinze and P. Horst},
	journal={Structural and Multidisciplinary Optimization},
	volume={36},
	number={1},
	pages={93--106},
	year={2008},
	doi={10.1007/s00158-00-0161-z}
}

@inproceedings{bib:mukhopadhayay_2005,
	title={Blended wing body (BWB) fuselage structural design for weight reduction},
	author={V. Mukhopadhaya},
	booktitle={16th AIAA/ASME/ASCE/AHS/ASC Structures, Structural Dynamics and Materials Conference},
	address={Austin, Texas, USA},
	year={2005}
}

@article{bib:mukhopadhayay_2004,
	title={Analysis, design, and optimization of noncylindrical fuselage for blended-wing-body vehicle},
	author={V. Mukhopadhyay and J. Sobieszczansky-Sobieski and I. Kosaka and G. Quinn and G. N. Vanderplaats},
	journal={Journal of Aircraft},
	volume={41},
	number={4},
	pages={925--930},
	year={2004}
}	

@article{bib:lyu,
	title={Aerodynamic design optimization studies of a blended-wing-body aircraft},
	author={Z. Lyu and J. R. R. A. Martins},
	journal={Journal of Aircraft},
	volume={51},
	number={5},
	pages={1604--1617},
	year={2014}
}

@inproceedings{bib:qian,
	title={High-fidelity structural design and optimization of blended-wing-body transports},
	author={J. Qian and J. J. Alonso},
	booktitle={AIAA Aviation Forum},
	address={Atlanta, Georgia, USA},
	year={2018},
	doi={10.2514/6.2018-3739}
}

@article{bib:mader,
	title={Stability-constrained aerodynamic shape optimization of flying wings},
	author={C. A. Mader and J. R. R. A. Martins},
	journal={Journal of Aircraft},
	volume={50},
	number={5},
	year={2013},
	pages={1431--1449}
}

@phdthesis{bib:saucez,
	author={Saucez, M.},
	title={R\'{e}solution des qualit\'{e}s de vol de l'aile volante {A}irbus},
	school={ISAE-Supaero},
	year={2013}
}

@inproceedings{bib:bonet,
	title={Blended wing body transport aircraft research \& development},
	author={J. T. Bonet},
	booktitle={31st Congress of the International Council of the Aeronautical Sciences},
	address={Belo Horizonte, Brasil},
	year={2018}
}

@article{bib:howe,
	title={Blended wing body airframe mass prediction},
	author={D. Howe},
	journal={Journal of aerospace engineering},
	volume={215},
	number={6},
	year={2001},
	pages={319--331}
}

@phdthesis{bib:denieul,
	author={Denieul, Y.},
	title={Preliminary design of control surfaces and laws for unconventional aircraft configurations},
	school={ISAE-Supaero},
	year={2016}
}

@inproceedings{bib:vos_bwb,
	title={A new structural design concept for blended wing body cabins},
	author={R. Vos and F. J. J. M. M. Geuskens and M. F. M. Hoogreef},
	booktitle={53rd AIAA/ASME/ASCE/AHS/ASC Structures, Structural Dynamics and Materials Conference},
	address={Honolulu, Hawaii, USA},
	year={2012}
}

@article{bib:alex,
	title={Conceptual aerodynamic design of delta-type tailless unmanned aircraft},
	author={G. Alex},
	journal={International Journal of Unmanned Systems Engineering},
	volume={2},
	number={2},
	pages={1--15},
	year={2014}
}

@book{bib:kozek,
	title={Modelling and control for a Blended Wing Body Aircraft. {A} case study},
	author={M. Kozek and A. Schirrer},
	edition={1},
	publisher={Springer Internatinoal Publishing},
	year={2015}
}

@article{bib:sargeant,
	title={Stability of hybrid-wing-body-type aircraft with centerbody leading-edge carving},
	author={M. A. Sargeant and T. P. Hynes and W. R. Graham and J. I. Hileman and M. Drela and Z. S. Spakovszky},
	journal={Journal of Aircraft},
	volume={47},
	numero={3},
	year={2010},
	pages={970--974}
}

@misc{bib:boeing_x48,
	title={{NASA X-48} project},
	author={NASA},
	howpublished={\url{https://www.nasa.gov/centers/dryden/news/NewsReleases/2013/13-08.html}},
	year={2013}
}

@inproceedings{bib:kok,
	title={Distributed propulsion featuring boundary layer ingestion engines for the blended wing body subsonic transport},
	author={H. J. M. Kok and M/ Voskuji and M. J. L. {van Tooren}},
	booktitle={51st AIAA/ASME/ASCE/AHS/ASC Structures, Structural Dynamics, and Materials Conference},
	address={Orlando, Florida, USA},
	year={2010}
}

@article{bib:van_dommelen,
	title={Conceptual design and analysis of blended-wing-body aircraft},
	author={J. {van Dommelen} and R. Vos},
	journal={Journal of Aerospace Engineering},
	volume={228},
	numero={13},
	pages={2452--2474},
	year={2014}
}

@misc{bib:pitera,
	title={Blended wing body concept development with open rotor engine integration},
	author={D. M. Pitera and M. DeHaan and D. Brown and R. T. Kawai and S. Hollowell and P. Camacho and D. Bruns and B. K. Rawden},
	howpublished={Tech. Rep. NASA/CR-2011-217303, Boeing \& NASA},
	year={2011}
}

@misc{bib:kawai,
	title={Acoustic prediction methodology and test validation for an efficient low-noise hybrid wing body subsonic transport},
	author={R. T. Kawai},
	howpublished={Tech. Rep. NF1676L-14465, NASA},
	year={2011}
}

@article{bib:hileman_bwb,
	title={Airframe design for silent fuel-efficient aircraft},
	author={J. I. Hileman and Z. S. Spakovswky and M. Drela and M. A. Sargeant and A. Jones},
	journal={Journal of Aircraft},
	volume={47},
	numero={3},
	pages={956--969},
	year={2010}
}
	
@article{bib:kim_n2b,
	title={Shape design optimization of embedded engine inlets for {N2B} hybrid wing-body configuration},
	author={H. Kim and M.-S. Liou},
	journal={Aerospace Science and Technology},
	volume={30},
	numero={1},
	pages={128--149},
	year={2013}
}

@article{bib:li_bwb,
	title={Aerodynamic design methodology for blended wing body transport},
	author={P. Li and B. Zhang and Y. Chen and C. Yuan and Y. Lin},
	journal={Chinese Journal of Aeronautics},
	volume={25},
	numero={4},
	pages={508--516},
	year={2012}
}

@misc{bib:liou_2016,
	title={Challenges and progress in aerodynamic design of hybrid wingbody aircraft with embedded engines},
	author={M.-S. Liou and H. Kim and M.-F. Liou},
	howpublished={NASA Tech. Rep. NASA/TM--2016-218309},
	year={2016}
}

@misc{bib:liou_2017,
	title={Aerodynamic design of the hybrid wing body propulsion-airframe integration},
	author={M.-F. Liou and H. Kim and B. Lee and M.-S. Liou},
	howpublished={NASA Tech. Rep., \url{https://ntrs.nasa.gov/archive/nasa/casi.ntrs.nasa.gov/20170007963.pdf}},
	year={2017}
}

@article{bib:yingsong,
	title={Body freedom flutter of a blended wing body model coupled with flight control system},
	author={G. Yingsong and Y. Whichun and H. Shun},
	journal={Procedia Engineering},
	volume={99},
	pages={46--50},
	year={2015},
	doi={10.1016/j.proeng.2014.12.506}
}

@article{bib:weihua,
	title={Non linear aeroelasticity of a very flexible blended-wing-body aircraft},
	author={S. Weihua and C. E. S. Cesnik},
	journal={Journal of Aircraft},
	volume={47},
	number={5},
	pages={1539--1553},
	year={2010}
}
@article{bib:stroscher,
	title={Reduced order model of a blended wing body aircraft configuration},
	author={F. Stroscher and Z. Sika and O. Petersson},
	journal={Progress in Flight Dynamics, Guidance, Navigation, Control, Fault Detection and Avionics},
	volume={6},
	year={2013},
	pages={635--650}
}

@article{bib:carlsson,
	title={Reduced order model of a blended wing body aircraft configuration},
	author={M. Carlsson},
	journal={Journal of Aircraft},
	volume={41},
	number={6},
	year={2004},
	pages={1523--1529}
}

@inproceedings{bib:stettner,
	title={Aeroelastic, flight mechanic, and handling qualities of the {MOB BWB} configuration},
	author={M. Stettner and R. Voss},
	booktitle={9th AIAA/ISSMO Symposium on Multidisciplinary Analysis and Optimization},
	address={Atlanta, Georgia, USA},
	year={2002}
}

@mastersthesis{bib:cheng,
	author={Y. Cheng},
	title={Preliminary fuselage structural configuration of a flying-wing type airliner},
	school={Cranfield University},
	address={Cranfiel, UK},
	year={2012}
}

@misc{bib:perry,
	title={Low speed flight tests on a tailless delta wing aircraft {(AVRO707B). Part 3 -- lateral stability and control}},
	author={D. H. Perry and J. C. Morrall and W. G. A. Port},
	howpublished={Royal Aircraft Establishment, C.P. No. 1106},
	year={1960}
}

@misc{bib:robinson,
	title={High-speed aerodynamic characteristics of a 1/7-scale model of the {Northrop YB-49 airplane}},
	author={R. C. Robinson},
	howpublished={National Advisory Council for Aeronautics, NACA RM No. A7C13},
	year={1947}
}

@mastersthesis{bib:ikeda,
	author={T. Ikeda},
	title={Aerodynamic analysis of a Blended-Wing-Body aircraft configuration},
	school={RMIT University},
	address={Melbourbe, Australia},
	year={2006}
}

@inproceedings{bib:anisimov,
	title={Propulsion system -- airframe integration and optimization of civil aircraft -- {AGILE EU} project},
	author={K. S. Anisimov and A. A. Savelyev and I. A. Kursakov and A. V. Lysenkov and A. A. Mirzoyan and P. S. Prakasha},
	booktitle={31st Congress of the International Council of the Aeronautical Sciences},
	address={Belo Horizonte, Brazil},
	year={2018}
}

@article{bib:bishara,
	title={A structural design concept for a multi-shell Blended Wing Body with laminar flow control},
	author={M. Bishara and P. Horst and H. Madhusoodanan and M. Brod and B. Daum and R. Rolfes},
	journal={Energies},
	volume={11},
	number={383},
	year={2018},
	doi={10.3390/en11020383}
}

%N+3 final report
@misc{bib:bwb_n3_vol1,
	title={N+3 aircraft concept designs and trade studies, final report. {V}olume {1}. {NASA/CR-2010-216794/VOL1}},
	author={E. M. Greitzer and P. A. Bonnefoy and E. {De la Rosa Blanco} and C. S. Dorbian and M. Drela and D. K. Hall and R. J. Hansman and J. J. Hileman and R. H. Liebeck and J. Lovegren and P. Mody and J. A. Pertuze and S. Sato and Z. S. Spakovszky and C. S. Tan and J. S. Hollman and J. E. Duda and N. Fitzgerald and J. Houghton and J. L. Kerrebrock and G. F. Kiwada and D. Kordonowy and J. C. Parrish and J. Tylko and E. A. Wen and W. K. Lord},
	howpublished={\url{https://ntrs.nasa.gov/archive/nasa/casi.ntrs.nasa.gov/20100042401.pdf}},
	year={2010}
}

@misc{bib:bwb_n3_vol2,
	title={N+3 aircraft concept designs and trade studies, final report. {V}olume {2}: Appendices--design methodologies for aerodynamics, structures, weight, and thermodynamic cycles. {NASA/CR-2010-216794/VOL2}},
	author={E. M. Greitzer and P. A. Bonnefoy and E. {De la Rosa Blanco} and C. S. Dorbian and M. Drela and D. K. Hall and R. J. Hansman and J. J. Hileman and R. H. Liebeck and J. Lovegren and P. Mody and J. A. Pertuze and S. Sato and Z. S. Spakovszky and C. S. Tan and J. S. Hollman and J. E. Duda and N. Fitzgerald and J. Houghton and J. L. Kerrebrock and G. F. Kiwada and D. Kordonowy and J. C. Parrish and J. Tylko and E. A. Wen and W. K. Lord},
	howpublished={\url{https://ntrs.nasa.gov/archive/nasa/casi.ntrs.nasa.gov/20100042398.pdf}},
	year={2010}
}

@inproceedings{bib:cho,
	title={Structural design and analysis of a {BWB} military cargo transport fuselage},
	author={S. Cho and B. Cees and J. Bayandor},
	booktitle={46th AIAA Aerospace Sciences Meeting and Exhibit},
	address={Reno, Nevada, USA},
	year={2008}
}

@mastersthesis{bib:wang,
	author={F. Wang},
	title={The comparison of aerodynamic and stability characteristics between conventional and blended wing body aircraft},
	school={Cranfield University},
	address={Cranfield, UK},
	year={2012}
}

@misc{bib:ashkenas,
	title={Tailless aircraft performance improvements with relaxed static stability},
	author={I. L. Ashkenas and D. H. Klyde},
	howpublished={NASA Contractor report 181806},
	address={Hawthorne, California, USA},
	year={1989}
}

@inproceedings{bib:prakasha,
	title={Model based collaborative design\& optimization of {Blended Wing Body aircraft configuration: AGILE EU project}},
	author={P. S. Prakasha and P. D. Ciampa and P. {Della Vecchia} and D. Ciliberti and M. Voskuij and D. Charbonnier and A. Jungo and L. Zhang and M. Fiority and K. Anisimov and A. Mirzoyan},
	booktitle={2018 Aviation Technology, Integration, and Operations Conference},
	address={Atlanta, Georgia, USA},
	year={2018},
	doi={10.2514/6.2018-4006}
}

%NASA N3-X
@inproceedings{bib:kim_2013,
	title={Revolutionary aeropropulsion concept for sustainable aviation: turboelectric distributed propulsion},
	author={H. D. Kim and J. L. Felder and M. T. Tong and M. J. Armstrong},
	booktitle={21st International Symposium on Air Breathing Engines (ISABE)},
	address={Busan, Korea},
	year={2013}
}

@inproceedings{bib:brown_n3x,
	title={Weights and efficiencies of electric components of a turboelectric aircraft propulsion system},
	author={G. V. Brown},
	booktitle={49th AIAA Aerospace Sciences Meeting},
	address={Orlando, Florida, USA},
	year={2011}
}

@inproceedings{bib:follen_nasa_np3,
	title={{NASA}'s fundamental aeronautics subsonic fixed wing project: generation {N+3} technology portfolio},
	author={Follen, G. J. and {Del Rosario}, R. and Wahls, R. A. and Madavan, N. K.},
	booktitle={SAE 2011 AeroTech Congress and Exhibition},
	year={2011},
	address={Toulouse, France},
	doi={10.4271/2011-01-2521}
}

@inproceedings{bib:felder_2012,
	title={Sensitivity of mission energy consumption to turboelectric distributed propulsion design assumptions on the {N3-X} hybrid wing body aircraft},
	author={Felder, J. L. and Tong, M. T. and Chu, J.},
	booktitle={48th AIAA/ASME/SAE/ASEE Joint Propulsion Conference},
	address={Atlanta, Georgia, USA},
	year={2012}
}

@article{bib:armstrong_n3x,
	title={Trade studies for {NASA N3-X} turboelectric distributed propulsion system electrical power system architecture},
	author={Armstrong, M. J. and Ross, C. A. H. and Blackwelder, M. J.},
	journal={SAE International Journal of Aerospace},
	volume={5},
	number={2},
	pages={325--335},
	year={2012},
	doi={10.4271/2012-01-2163}
}

@article{bib:kim_n3x_2014,
	title={Turboelectric distributed propulsion benefits on the {N3-X} vehicle},
	author={Kim, H. D. and Felder, J. L. and Tong, M. T. and Berton, J. J. and Haller, W.},
	journal={Aircraft Engineering and Aerospace Technology},
	volume={86},
	number={6},
	pages={558--561},
	year={2014},
	doi={10.1108/AEAT-04-2014-0037}
}

@inproceedings{bib:kim_n3x_2008,
	title={Distributed turboelectric propulsion for hybrid wing body aircraft},
	author={Kim, H. D. and Brown, G. V. and Felder, J. L.},
	booktitle={2008 International Powered Lift Conference},
	address={London, UK},
	year={2008}
}

@inproceedings{bib:felder_2009,
	title={Turboelectric distributed propulsion engine cycle analysis for hybrid-wing-body aircraft},
	author={Felder, J. L. and Kim, H. D. and Brown, G. V.},
	booktitle={47th AIAA Aerospace Sciences Meeting},
	address={Orlando, Florida, USA},
	year={2009},
	doi={10.2514/6.2009-1132}
}

@inproceedings{bib:felder_2011,
	title={Turboelectric distributed propulsion in a hybrid wing body aircraft},
	author={J. L. Felder and G. V. Brown and H. D. Kim and J. Chu},
	booktitle={20th International Symposium on Air Breathing Engines (ISABE)},
	address={Fothenburg, Sweden},
	year={2011}
}

@inproceedings{bib:berton,
	title={Noise and emissions assessment of the N3-X transport},
	author={Berton, J. J. and Haller, W. J.},
	booktitle={52nd Aerospace Sciences Meeting},
	address={National Harbor, Maryland, USA},
	year={2014},
	doi={10.2514/6.2014-0594}
}

@article{bib:armstrong_n3x_2012,
	title={Propulsion system component considerations for {NASA N3-X} turboelectric distributed propulsion system},
	author={Armstrong, M. J. and Ross, C. A. H. and Blackwelder, M. J},
	journal={SAE International Journal of Aerospace},
	volume={5},
	number={2},
	pages={344--353},
	year={2012},
	doi={20.4271/2012-01-2165}
}

@inproceedings{bib:goldberg,
	title={Economic viability assessment of {NASA}'s blended wing-body {N3-X} aircraft},
	author={Goldberd, D. and Nalianda, D. and Pilidis, P. and Singh, R.},
	booktitle={53rd AIAA/SAE/ASEE Joint Propulsion Conference},
	address={Atlanta, Georgia, USA},
	year={2017},
	doi={10.2514/6.2017-4702}
}

@article{bib:ross,
	title={Turboelectric distributed propulsion protection system design trades},
	author={C. Ross and M. Armstrong and M. Blackwelder and C. Jones and P. Norman and S. Fletcher},
	journal={SAE Technical Paper 2014-01-2141},
	pages={1--13},
	year={2014},
	doi={10.4271/2014-01-2141}
}

@article{bib:shaw_2014,
	title={A method for the evaluation of the effectiveness of turboelectric distributed propulsion power system architectures},
	author={J. C. Shaw and P. Norman and S. Galloway and G. Burt},
	journal={SAE International Journal of Aerospace},
	volume={7},
	number={1},
	pages={35--43},
	year={2014},
	doi={10.4271/2014-01-2120}
}

@article{bib:davies,
	title={Modelling the fault behaviour of a superconducting turboelectric distributed propulsion network overview of superconduction {DC} networks},
	author={K. Davies and P. Norman and C. Jones and S. Galloway and G. Burt},
	article={SAE Technical Paper 201-01-2142},
	year={2014},
	pages={1--10},
	doi={10.4271/2014-01-2142}
}

@article{bib:shaw_2015,
	title={Failure analysis of a turboelectric distrubted propulsion aircraft electrical network: a case study},
	author={J. C. Shaw and S. Fletcher and P. Norman and S. Galloway and G. Burt},
	journal={SAE Technical Paper 2015-01-2403},
	pages={1--7},
	year={2015},
	doi={10.4271/2015-01-2403}
}
%%% BOUNDARY LAYER INGESTION %%%
@article{bib:smith,
	title={Wake ingestion propulsion benefit},
	author={L. H. {Smith Jr.}},
	journal={Journal of Propulsion and Power},
	volume={9},
	number={1},
	year={1993},
	doi={10.2514/3.11487}
}

@article{bib:peijian,
	title={Performance analysis of wake and boundary-layer ingestion for aircraft design},
	author={L.V. Peijian and A. G. Rao and D. Ragni and L. Veldhuis},
	journal={Journal of Aircraft},
	volume={53},
	numero={5},
	pages={1517--1526},
	year={2016},
	doi={10.2514/1.C033395}
}
@inproceedings{bib:roberts,
	title={Boundary layer ingestion effects in flush waterjet intakes},
	author={J. L. Roberts and G. J. Walker},
	booktitle={International Conference on Waterjet Propulsion II, RINA},
	address={Amsterdam, Netherlands},
	year={1998}
}

@article{bib:park,
	title={Numerical flow simulation of flush type intake duct of waterjet},
	author={W.-G. Park and H. S. Yun and H. H. Chun and M. C. Kim},
	journal={Ocean Engineering},
	volume={32},
	number={17--18},
	pages={2107-2120},
	year={2005}
}

@article{bib:owen,
	title={Boundary-layer-ingesting inlet flow control},
	author={L. Owens and B. Allan and S. Gorton},
	journal={Journal of Aircraft},
	volume={45},
	number={4},
	pages={1431--1440},
	year={2008}
}

@inproceedings{bib:allan,
	title={Numerical modeling of flow control in a boundary-layer-ingesting offset inlet diffuser at transonic {M}ach numbers},
	author={B. Allan and L. Owens},
	booktitle={44th AIAA Aerospace Sciences Meeting},
	address={Reno, Nevada, USA},
	year={2006}
}

@inproceedings{bib:tournier,
	title={Flow analysis and control in a transonic inlet},
	author={S. Tournier and J. Paduano and D. Pagan},
	booktitle={23rd AIAA Applied Aerodynamics Conference},
	address={Toronto, Canada},
	year={2005}
}

@inproceedings{bib:campbell_bli,
	title={Design and testing of a blended wing body with boundary layer ingestion nacelles at high {R}eynolds numbers (invited)},
	author={R. Campbell and M. Carter and O. Pendergraft and D. Friedman and L. Serrano},
	booktitle={43rd AIAA Aerospace Sciences Meeting and Exhibit},
	address={Reno, Nevada, USA},
	year={2005}
}

@inproceedings{bib:plas,
	title={Performance of a boundary layer ingestion ({BLI}) propulsion system},
	author={A. P. Plas and M. A. Sargeant and V. Madani and D. Crichton and E. M. Greitzer and T. P. Hynes and C. A. Hall},
	booktitle={45th AIAA Aerospace Sciences Meeting and Exhibit},
	address={Reno, Nevada},
	year={2007}
}

@article{bib:kumar,
	title={Numerical study of the effects of reverse sweep on scramjet inlet performance},
	author={A. Kumar and D. J. Singh and C. Trexler},
	journal={Journal of Propulsion and Power},
	volume={8},
	numero={3},
	pages={714--719},
	year={1992}
}

@inproceedings{bib:wiart,
	title={Exploration of the {A}irbus "{N}autilius" engine integration concept},
	author={L. Wiart and C. Negulescu},
	booktitle={31st Congress of the International Council of the Aeronautical Sciences},
	address={Belo Horizonte, Brazil},
	year={2018}
}

@article{bib:rodriguez,
	title={Multidisciplinary optimization method for designing boundary-layer-ingesting inlets},
	author={D. L. Rodriguez},
	journal={Journal of Aircraft},
	volume={46},
	numero={3},
	pages={883--894},
	year={2009}
}

@inproceedings{bib:arntz,
	title={Exergy-based aircraft aeropropulsive performance assessment: {CFD} application to boundary layer ingestion},
	author={A. Arntz and O. Atinault and D. Destarac and A. Merlen},
	booktitle={AIAA Aviation Forum},
	address={Atlanta, Georgia, USA},
	year={2014}
}

@article{bib:smith_bli,
	title={The jet airplane utilizing boundary layer air for propulsion},
	author={A. M. O. Smith and H. E. Roberts},
	journal={Journal of the Aeronautical Sciences},
	volume={14},
	numero={2},
	year={1947}
}

@inproceedings{bib:gray_bli_2018,
	title={Aero-propulsive design optimization of a turboelectric boundary layer ingestion propulsion system},
	author={J. S. Gray and G. K. Kenway and C. A. Mader and J. R. R. A. Martins},
	booktitle={2018 Aviation Technology, Integration, and Operations Conference, AIAA Aviation Forum},
	address={Atlanta, Georgia, USA},
	year={2018}
}

@inproceedings{bib:silent_engine_aircraft,
	title={Challenges in the silent aircraft engine design},
	author={E. {de la Rosa Blanco}, C. Hall and D. Crichton},
	booktitle={45th AIAA Aerospace Sciences Meeting and Exihibit},
	address={Reno, Nevada, USA},
	year={2007},
	doi={10.2514/6.2007-454}
}

%Centreline
@inproceedings{bib:seitz_2018,
	title={Concept validation study for fuselage wake-filling propulsion integration},
	author={A. Seitz and F. Peter and J. Bijewitz and A. L. Habermann and Z. Goraj and M. Kowalsky and A. {Castillo Pardo} and C. Hall and F. Metter and R. Merkler and O. Petit and S. Samuelsson and B. {Della Corte} and M. {van Sluis, and G. Wortmann and M. Dietz}},
	booktitle={31st Integrational Congress of the Aeronautical Sciences ICAS},
	address={Belo Horizonte, Brasil},
	year={2018},
}

@inproceedings{bib:habermann_2018,
	title={Performance Bookkeping for aircraft configurations with fuselage wake-filling propulsion integration},
	author={A. L. Habermann and J. Bijewitz and A. Seitz and L. Hornung},
	booktitle={Deutscher Luft -und Raumfahrkongress 2018. Paper-ID 2018-480230},
	address={Friedrichshafen, Germany},
	year={2018}
}

@inproceedings{bib:bijewitz, 
	title={Power plant pre-design exploration for a turbo-electric propulsive fuselage concept},
	author={J. Bijewitz and A. Seitz and M. Hornung},
	booktitle={AIAA Propulsion and Power Forum 2018},
	address={Cincinnatti, Ohio, USA},
	year={2018},
	doi={10.2514/6.2018-4402}
}

@inproceedings{bib:goraj,
	title={Strategy and implementation of a parametric {CAD} model for {R2035} aircraft structure and external configuration},
	author={Z. Goraj and B. Goliszek and M. Kowalski and A. Seitz and F. Peter and F. Meller},
	booktitle={31st Integrational Congress of the Aeronautical Sciences ICAS},
	address={Belo Horizonte, Brasil},
	year={2018},
}

@article{bib:uranga,
	title={Analysis of the aerodynamic benefit from boundary layer ingestion for transport aircraft},
	author={A. Uranga and M. Drela and D. K. Hall and E. M. Greitzer},
	journal={AIAA Journal},
	volume={56},
	number={11},
	pages = {4271-4281},
	year = {2018},
	doi = {10.2514/1.J056781}
}

%%%%%% SENSITIVITY ANALYSIS %%%%%%
@article{bib:sudret,
	title={Global sensitivity analysis using polynomial chaos expansions},
	author={Sudret, B.},
	journal={Reliability Engineering \& System Safety},
	volume={93},
	number={7},
	pages={964--979},
	year={2008},
	doi={10.116/j.ress.2007.04.002}
}

@article{bib:blatman,
	title={Efficient computational of global sensitivity indices using sparse polynomial chaos expansions},
	author={Blatman, G. and Sudret, B.},
	journal={Reliability Engineering \& System Safety},
	volume={95},
	number={11},
	pages={1216--1229},
	year={2010},
	doi={10.1016/j.ress-2010.06.015}
}

@article{bib:cameron,
	title={The orthogonal development of non-linear functionals in series of Fourier-Hermite functionals},
	author={Cameron, R. H. and Martin, W. T.},
	journal={Annals of Mathematics},
	volume={48},
	number={2},
	pages={385--392},
	year={1947},
	doi={10.2307/1969178}
}

@article{bib:blatman_pce,
	title={Adaptive sparse polynomial chaos expansion based on least angle regression},
	author={Blatman, G. and Sudret, B.},
	journal={Journal of Computational Physics},
	volume={230},
	number={6},
	pages={2345--2367},
	year={2010},
	doi={10.1016/j.jcp.2010.12.021}
}

@article{bib:dubreuil,
	title={Construction of bootstrap confidence intervals on sensitivity indices computed by polynomial chaos expansion},
	author={Dubreuil, S. and Berveillier, M. and Petitjean, F. and Sala\"{u}n, M.},
	journal={Reliability Engineering \& System Safety},
	volume={121 (Supplement C)},
	pages={263--275},
	year={2014},
	doi={10.1016/j.ress.2013.09.011},
	publisher={Elsevier}
}

@article{bib:sobol_1993,
	title={Sensitivity estimated for non linear mathematical models},
	author={Sobol, I. M.},
	journal={Math. Mod. Comp. Exp.},
	volume={1},
	number={4},
	year={1993},
	pages={407--414}
}

@article{bib:efron,
	title={Bootstrap methods: another look at the jackknife},
	author={Efron, B.},
	journal={The Annals of Statistics},
	volume={7},
	number={1},
	year={1979},
	pages={1--26}
}

@article{bib:sacks,
	title={Design and analysis of computer experiments},
	author={Sacks, J. and Welch, W. J and Mitchell, T. J. and Wynn, H. P.},
	journal={Statistical science},
	pages={409--423},
	year={1989},
	doi={10.1214/ss/1177012413},
	publisher={JSTOR}
}

@book{bib:saltelli,
	title={Sensitivity analysis},
	edition={1},
	author={Saltelli, A. and Chan, K. and Scott, E. M.},
	year={2000},
	publisher={John Wiley \& Sons},
}

@book{bib:saltelli_2004,
	title={Sensitivity analysis in practice. A guide to assessing scientific models},
	edition={1},
	author={Saltelli, A. and Tarantola, S. and Campolongo, F. and Ratto, M.},
	year={2004},
	publisher={John Wiley \& Sons}
}

@book{bib:saltelli_2008,
	title={Global sensitivity analysis. The primer},
	edition={1},
	author={Saltelli, A. and Ratto, M. and Andres, T. and Campolongo, F. and Cariboni, J. and Gatelli, D. and Saisana L. and Tarantola, S.},
	year={2008},
	publisher={John Wiley \& Sons},
}

@article{bib:mckay,
	title={Nonparametric variance-based methods of assessing uncertainty importance},
	author={McKay, M. D.},
	year={1997},
	volume={57},
	number={7},
	journal={Reliability Engineering \& System Safety},
	pages={267--279},
	doi={10.1016/S0951-8320(97)00039-2}
}

@article{bib:cukier,
	title={Study of the sensitivity of coupled reaction systems to uncertainties in rate coefficients. III. Analysis of the approximations},
	author={Cukier, R. I. and Schaibly, J. H. and Shuler, K. E.},
	year={1975},
	volume={63},
	journal={The Journal of Chemical Physics},
	pages={1140--1149},
	doi={10.1063/1.431440}
}

@inproceedings{bib:rodriguez_1999,
	title={A {2D} multidisciplinary design method for boundary layer ingesting inlets},
	author={D. L. Rodr\'{i}guez and I. M. Kroo},
	booktitle={37th AIAA Aerospace Sciences Meeting and Exhibit},
	address={Reno, Nevada, USA},
	year={1999}
}

%%%%%% TECHNO MODELS %%%%%%
@article{bib:gray,
	title={Modeling boundary layer ingestion using a coupled aeropropulsive analysis},
	author={Gray, J. S. and Mader, C. A. and Kenway, G. K. W. and Martins, J. R. R. A.},
	journal={Journal of Aircraft},
	volume={55},
	number={3},
	pages={1191--1199},
	year={2018},
	doi={10.2514/1.C034601}
}

@inproceedings{bib:anton,
	title={High-output motor technology for hybrid-electric aircraft},
	author={Anton, F.},
	booktitle={eAircraft Electric \& Hybrid Aerospace Technology Symposium},
	address={Cologne, Germany},
	year={2017}
}

@article{bib:tremblay,
	title={Experimental validation of a battery dynamic model for EV applications},
	author={Tremblay, O. and Dessaint, L. A.},
	journal={World Electric Vehicle Journal},
	volume={3},
	pages={289--298},
	year={2009},
	doi={10.3390/wevj3020289}
}

@article{bib:freeman,
	title={Challenges and opportunities for electric aircraft thermal management},
	author={Freeman, J. and Osterkamp, P. and Green, M. W. and Gibson, A. R. and Schiltgen , B. T.},
	journal={Aircraft engineering and aerospace technology},
	volume={86},
	number={6},
	year={2014},
	pages={519--524},
	doi={10.1108/AEAT-04-2014-0042}
}

@article {bib:xue,
	title = {Lithium-Ion Batteries: Thermo-Mechanics, Performance, and Design Optimization},
	booktitle = {Handbook of Clean Energy Systems},
	volume = {5 : Energy Storage},
	year = {2015},
	pages = {2849-2864},
	publisher = {John Wiley \& Sons, Ltd},
	organization = {John Wiley \& Sons, Ltd},
	doi = {10.1002/9781118991978},
	author = {N. Xue and W. Du and J. R. R. A. Martins and W. Shyy}
}


%%%%%% TECHNO ASSUMPTIONS %%%%%%
@article{bib:brelje_biblio,
  title={Electric, hybrid, and turboelectric fixed-wing aircraft: a review of concepts, models, and design approaches},
  author={Brelje, B. J. and Martins, J. R. R. A.},
  journal={Progress in Aerospace Sciences},
  volume={104},
  pages={1--19},
  year={2018},
  doi = {10.1016/j.paerosci.2018.06.004}
}

@inproceedings{bib:belleville,
	title={Simple hybrid propulsion model for hybrid aircraft design space exploration},
	author={Belleville, M.},
	booktitle={MEA-More Electric Aircraft conference},
	address={Toulouse, France},
	pages={1--4},
	year={2015}
}

@article{bib:friedrich,
	title={Hybrid-electric propulsion for aircraft},
	author={Friedrich, C. and Robertson, P.},
	journal={Journal of Aircraft},
	volume={52},
	number={11},
	year={2015},
	pages={176--189},
	doi={10.2514/1.C032660}
}

@misc{bib:fraunhofer,
	author={{Fraunhofer Institure}},
	title={Technology roadmap energy storage for eletric mobility 2030},
	publisher={Fraunhofer Institure for Systems and Innovation Research ISI},
	howpublished={\url{http://www.isi.fraunhofer.de/isi-wAssets/docs/t/en/TRM-ESEM-2030\_en\_web.pdf}},
	year={2015}
}

@inproceedings{bib:delhaye,
	title={Electrical technologies for aviation of the future},
	author={Delhaye, J.},
	publisher={Airbus},
	year={2015}
}

@inproceedings{bib:ragone,
	title={Review of Battery Systems for Electrically Powered Vehicles},
	author={Ragone, D. V.},
	publisher={SAE International},
	booktitle={SAE Technical Paper},
	year={1968},
	doi={10.4271/680453}
}

@article{bib:heide,
	author = {H. Budde-Meiwes and J. Drillkens and B. Lunz and J. Muennix and S. Rothgang and J. Kowal and D. U. Sauer},
	title ={A review of current automotive battery technology and future prospects},
	journal = {Proceedings of the Institution of Mechanical Engineers, Part D: Journal of Automobile Engineering},
	volume = {227},
	number = {5},
	pages = {761-776},
	year = {2013},
	doi = {10.1177/0954407013485567}
}

@article{bib:fredericks,
	title={Performance metrics required of next-generation batteries to electrify vertical takeoff and landing {(VTOL} aircraft},
	author={W. L. Fredericks and S. Sripad and G. C. Bower and V. Viswanathan},
	journal={ACS Energy Letter},
	volume={3},
	number={12},
	pages={2989--2994},
	year={2018},
	doi={10.1021/acsenergylett.8b02195}
}

@inproceedings{bib:rondinelli,
	title={Challenges and benefits offered by liquid hydrogen fuels in commercial aviation},
	author={S. Rondinelli and R. Sabatini and A. Gardi},
	booktitle={Practical Responses to Climate Change (PRCC) 2014. Engineers Australia Convention 2014.},
	address={Melbourne, Australia},
	year={2014}
}

@article{bib:pornet_2014,
	title={Integrated fuel-battery hybrid for a narrow-body sized transport aircraft},
	author={C. Pornet and S. Kaiser and A. T. Isikveren and M. Hornung},
	journal={Aircraft Engineering and Aerospace Technology},
	volume={86},
	number={6},
	pages={568--574},
	year={2014}
}

%%%%%% MISCELLANEOUS %%%%%%
@article{bib:li,
	title={Vertical distribution of CO\textsubscript{2} in the atmospheric boundary layer: characteristics and impact of meteorogical variables},
	author={Li, Y. and Deng, J. and Mu, C. and Xing, Z. and Du, K.},
	journal={Atmospheric Environment},
	publisher={Elsevier},
	volume={91},
	year={2014},
	doi={10.1016/j.atmosenv.2014.03-67}
}

@inproceedings{bib:gsp,
	title={GSP: a generic object-oriented gas turbine simulation environment},
	author={Visse, W. P. J. and Broomhead, M. J.},
	booktitle={ASME. Turbo Expo: Power for Land, Sea and Air, Volume 1: Aircraft Engine; Marine; Microturbines and Small Turbomachinery},
	number={V001T01A002},
	year={2000}
}

@misc{bib:gsp_website,
	author={{NLR}},
	title={{GSP--Gasturbine Simulation Program}},
	howpublished={\url{https://www.gspteam.com/about.html}},
	year={2000}
}


@misc{bib:ceras,
	author={CERAS},
	title={{CERAS} reference aircraft},
	howpublished={\url{https://ceras.ilr.rwth-aachen.de/}},
	year={2015}
}

@misc{bib:su2,
	author={{Stanford University}},
	title={SU2 6.0 code},
	howpublished={\url{https://su2code.github.io/}},
	year={2018}
}

@misc{bib:leap_engine,
	author={{CFM International}},
	title={LEAP engine specification},
	howpublished={\url{https://www.cfmaeroengines.com/engines/leap/}},
	year={2016}
}

@misc{bib:open_nastran,
	author={NASA},
	title={OpenNASTRAN code},
	howpublished={\url{https://github.com/nasa/NASTRAN-95}},
	year={1995}
}

@misc{bib:openvsp,
	author={OpenVSP},
	title={A {NASA} open-source parametric geometry},
	howpublished={\url{http://openvsp.org/}},
	year={2018}
}

@misc{bib:mcdonald_openvsp,
	author={R. {McDonald}},
	title={{OpenVSP workshop}},
	howpublished={{\url{https://nari.arc.nasa.gov/sites/default/files/attachments/Welcome\%20\%26\%20Overview_Mcdonald.pdf}}},
	year={2016}
}

@misc{bib:xfoil,
	author={MIT},
	title={{XFOIL} -- subsonic airfoil development system},
	howpublished={\url{https://web.mit.edu/drela/Public/web/xfoil/}},
	year={2018}
}

@misc{bib:mses,
	author={M. Drela},
	title={A user's guide to {MSES} 3.05},
	howpublished={MIT Dept. of Aeronautics and Astronautics, Cambridge, Massachusetts, USA},
	year={2007}
}

@misc{bib:lindop,
	author={M. Drela},
	title={A user's guide to {LINDOP} 2.50},
	howpublished={MIT Dept. of Aeronautics and Astronautics, Cambridge, Massachusetts, USA},
	year={1996}
}

@misc{bib:drela_1993,
	author={M. Drela},
	title={Design and optimization method for multi-element airfoils},
	howpublished={MIT Dept. of Aeronautics and Astronautics, Cambridge, Massachusetts, USA},
	year={1993}
}

@misc{bib:patran,
	author={{MSC Software}},
	title={{Patran User's guide}},
	howpublished={\url{https://simcompanion.mscsoftware.com/infocenter/index?page=content&id=DOC11694}},
	year={2018}
}

@misc{bib:nastran,
	author={Siemens},
	title={{NX Nastran User's guide}},
	howpublished={\url{https://docs.plm.automation.siemens.com/data_services/resources/nxnastran/10/help/en_US/tdocExt/pdf/User.pdf}},
	year={2018}
}

@misc{bib:avl,
	author={MIT},
	title={{AVL -- Athena Vortex Lattice}},
	howpublished={\url{http://web.mit.edu/drela/Public/web/avl/}},
	year={2018}
}

@misc{bib:datcom,
	author={PDAS},
	title={Digital {D}atcom software},
	howpublished={\url{http://www.pdas.com/datcom.html}},
	year={2017}
}

@misc{bib:simulink,
	author={Mathworks},
	title={Simulink -- simulation and model-based design},
	howpublished={\url{https://www.mathworks.com/products/simulink.html}},
	year={2018}
}

@book{bib:megson,
	title={Aircraft structures for engineering students},
	author={Megson, T. H.},
	year={2012},
	edition={5},
	publisher={Elsevier Aerospace Engineering}
}

@phdthesis{bib:roux,
	author={Roux, E.},
	title={Pour un approche analytique de la dinamique du vol},
	school={ISAE-Supaero},
	year={2005}
}

@book{bib:roux_eng_data,
	author={E. Roux},
	title={Turbofan and turbojet engines -- {D}atabase handbook},
	year={2007},
	publisher={\'{E}ditions \'{E}lodie Roux}
}

@book{bib:a320_specifications,
	title={A320 -- Aircraft characteristics airport, airport and maintenance planning},
	author={Airbus},
	year={2018},
	publisher={Airbus S.A.S. customer services, technical data support and services}
}

@inproceedings{bib:debarros,
	title={New aircraft characteristics related to airport planning},
	author={{de Barros}, A. G. and Wirasinghe, S. C.},
	year={1997},
	booktitle={First ATRG Conference},
	address={Vancouver, Canada}
}

@book{bib:icao,
	title={{The ICAO Aerodrome Reference Code}},
	author={ICAO},
	year={2017},
	publisher={ICAO--International Civil Aviation Organisation}
}

@book{bib:abbott,
	title={Theory of wing sections, including a summary of airfoil data},
	author={I. H. Abbott and A. E. {von Doenhoff}},
	year={1959},
	publisher={Dover publications Inc.}
}

%%% CFD %%%
@book{bib:hoerner,
	title={Fluid-Dynamic drag, theoretical, experimental and statistical information},
	author={Hoerner, S. F.},
	year={1965},
	publisher={Published by the author}
}

@inproceedings{bib:su2_main_paper,
	title={Stanford university unstructured (SU\textsuperscript{2}): open-source analysis and design technology for turbulent flows},
	author={Aranake, A. C. and Copeland, S. R. and Lonkar, A. K. and Lukaczyk, T. W. and Manosalvas, D. E. and Naik, K. R. and Padr\'{o}n, A. S. and Tracey, B. and Variyar, A. and Alonso, J. J.},
	year={2014},
	booktitle={52nd Aerospace Sciences Meeting},
	address={National Harbor, Maryland, USA},
	doi={10.2514/6.2014-0243}
}

@article{bib:su2_journal,
	author = {Economon, T. D. and Palacios, F. and Copeland, S. R. and Lukaczyk, T. W. and Alonso, J. J.},
	title = {SU2: An Open-Source Suite for Multiphysics Simulation and Design},
	journal = {AIAA Journal},
	volume = {54},
	number = {3},
	pages = {828-846},
	year = {2016},
	doi = {10.2514/1.J053813}
}

@book{bib:ferziger_peric,
	title={Computational methods for fluid dynamics},
	author={J. H. Ferziger and M. Peri\'{c}},
	edition={3},
	publisher={Springer-Verlag Berlin Heidelberg GmbH},
	year={2002}
}

@book{bib:leveque_conservation_laws,
	title={Numerical methods for conservation laws},
	author={R. J. Le{V}eque},
	edition={2},
	publisher={Springer Basel AG},
	year={1992}
}

@book{bib:leveque_partial_equation,
	title={Finite difference methods for ordinary and partial differential equations. {S}teady-state and time-dependent problems},
	author={R. J. Le{V}eque},
	edition={10},
	year={2007},
	publisher={SIAM Society for Industrial and Applied Mathematics}
}

@book{bib:erto,
	title={Probabilità e statistica per le scienze e l'ingegneria},
	author={P. Erto},
	edition={3},
	publisher={McGraw-Hill},
	year={2008}
}

@book{bib:roskam_flight_dynamics,
	title={Airplane flight dynamics \& automatic flight controls},
	author={J. Roskam},
	edition={1},
	publisher={DAR Corporation},
	year={2008}
}

@book{bib:kuethe,
	title={Foundation of aerodynamics: base of aerodynamics design},
	author={A. M. Kuethe and C. Y. Chow},
	edition={5},
	publisher={John Wiley \& Sons},
	address={New York, USA},
	year={1997}
}

@inproceedings{bib:fraj,
	title={Modelling approaches for the simulation-based preliminary design and optimization of electromechanical and hydraulic actuation systems},
	author={A. Fraj and M. Budinger and T. {El Halabi} and J. C. Maré and G. C. Negoita},
	booktitle={53th AIAA/ASME/ASCE/AHS/ASC Structures, Structural Dynamics and Material Conference},
	address={Honolulu, Hawaii, USA},
	year={2012},
	doi={10.2514/6.2012-1523}
}

@book{bib:mattingly,
	title={Aircraft engine design},
	author={J. D. Mattingly and W. H. Heiser and D. T. Pratt},
	edition={2},
	publisher={AIAA Education Series},
	year={2002}
}

@misc{bib:mh_airfoiltool,
	title={{MH} Airfoil aerotool},
	author={M. Hepperle},
	year={2018},
	howpublished={\url{https://www.mh-aerotools.de/airfoils/index.htm}}
}

@book{bib:eppler,
	title={Airfoil design and data},
	author={R. Heppler},
	edition={1},
	publisher={Springer-Verlag Berlin Heidelberg GmbH},
	year={1990}
}

@book{bib:anderson_aero,
	title={Fundamentals of aerodynamics},
	author={J. D. {Anderson Jr}},
	publisher={McGraw-Hill},
	edition={5},
	year={2011}
}

@book{bib:janes,
	title={Jane's {A}ll the {W}orld {A}ircraft},
	author={J. Taylor},
	publisher={Jane's},
	address={London},
	year={1979}
}

@misc{bib:mass_breakdown,
	author={{DGA -- Direction G\'{e}n\'{e}ral de l'Armement}},
	title={Devis de masse des avions},
	howpublished={AIR 2001/D},
	year={1984}
}

@misc{bib:iso_atmo,
	author={{ISO -- International Organization for Standardization}},
	title={Standard Atmosphere},
	howpublished={ISO 2553:1975},
	year={1975}
}

@inproceedings{bib:nagel_cpacs,
	title={Communication in aircraft design: can we establish a common language?},
	author={B. Nagel and D. B\"{o}hnke and V. Gollnick and P. Schmollgruber and A. Rizzi and G. La Rocca and J. J. Alonso},
	booktitle={28th Congress of the International Council of the Aeronautical Sciences},
	address={Brisbane, Australia},
	year={2012}
}

@book{bib:torenbeek,
	title={Synthesis of subsonic airplane design},
	author={E. Torenbeek},
	publisher={Delft University Press, Martinus Nijhoff Publishers},
	year={1986}
}

@book{bib:esdu,
	title={Approximate methods for estimation of cruise range and endurance: aeroplanes with turbo-jet and turbo-fan engines},
	author={{ESDU}},
	publisher={ESDU -- Engineering Sciences Data Unit},
	year={1982}
}

@misc{bib:monaghan,
	title={A review and assessment of various formulae for turbulent skin friction in compressible flow},
	author={R. J. Monaghan},
	howpublished={Aeronautical Research Council Tech. Rep., C.P. No. 142 (15.464)},
	year={1953}
}

@inproceedings{bib:nita,
	title={Estimating the {O}swald factor from basic aircraft geometrical parameters},
	author={M. Ni\c{t}\u{a} and D. Scholz},
	booktitle={Deutscher Lift- und Raumfahrtkongress 2012, Document ID: 281424},
	year={2012}
}

@book{bib:carlomagno,
	title={Elementi di gasdinamica},
	author={G. M. Carlomagno},
	publisher={Liguori},
	edition={1},
	year={2009}
}

@book{bib:tipler, 
	title={Physics for scientists and engineers},
	author={P. A. Tipler and G. Mosca},
	publisher={W. H. Freeman and Company -- New York},
	addres={New York}, 
	edition={6},
	year={2008}
}

@inproceedings{bib:edwards,
	title={"Kerosene" fuels for aerospace propulsion -- composition and properties},
	author={T. Edwards},
	booktitle={38th AIAA/ASME/SAE/ASEE Joint Propulsion Conference \& Exhibit},
	address={Indianapolis, Indiana, USA},
	year={2002}
}

@book{bib:phillips,
	title={Mechanics of flight},
	author={W. F. Phillips},
	publisher={John Wiley \& Sons, Inc.},
	address={Hoboken, New Jersey},
	edition={2},
	year={2010}
}

@misc{bib:ansys_pack,
	title={{ANSYS package, v2019R2}},
	author={{ANSYS Inc.}},
	year={2019},
	howpublished={\url{https://www.ansys.com/}}
}

@book{bib:monti_pt1,
	title={Aerodinamica. {Parte Prima: fondamenti e principi}},
	author={R. Monti and R. Savino},
	publisher={Liguori editore},
	address={Napoli, Italy},
	edition={1},
	year={1998}
}

@book{bib:monti_pt2,
	title={Aerodinamica. {Parte Seconda: regimi di moto}},
	author={R. Monti and R. Savino},
	publisher={Liguori editore},
	address={Napoli, Italy},
	edition={1},
	year={1998}
}

@book{bib:landau,
	title={Course of Theoretical Physics: {Volume 6 -- Fluid Mechanics}},
	author={L. D. Landau and E. M. Lifshitz},
	edition={2},
	year={1987},
	publisher={Elsevier BH},
	note = {Translated by J. B. Sikes and W. H. Reid},
	address={Oxford, United Kingdom}
}

@book{bib:fermi,
	title={Thermodynamics},
	author={E. Fermi},
	edition={First paperback of lecture notes},
	publisher={Amazon.co.uk, Ltd.},
	address={Martson Gate, Great Britain},
	year={1938}
}

@article{bib:apkarian,
	title={The $H_\infty$ problem is solved},
	author={P. Apkarian and D. Noll},
	journal={Journal Aerospace Lab.},
	volume={1},
	number={13},
	year={2017},
	doi={10.1272/2017.AL13-01}
}

@book{bib:pope,
	title={Turbulent flows},
	author={S. B. Pope},
	edition={1},
	publisher={Cambridge University Press},
	address={Cambridge, United Kingdom},
	year={2000}
}